3167 5542
249 1229 254 1240 μ
366 1105 896 1203 COMPENDIA
944 1110 1372 1206 NOMINUM

724 1389 842 1449 aureos
857 1390 934 1434 usus
948 1388 1016 1460 tort

449 1564 497 1644 'm
511 1571 767 1648 vammum
782 1585 1010 1650 metrorus
1025 1584 1288 1668 nemorum.

110 2303 112 2308 ·
246 2233 297 2328 N
299 2287 342 2332 oet
357 2267 398 2333 est
414 2293 489 2355 opus
504 2294 539 2335 ea
553 2271 603 2336 hic
618 2273 793 2351 adscribere,
809 2274 919 2358 quibua
934 2275 1015 2350 Aldi,
1030 2274 1160 2349 Bentleii,
1174 2273 1306 2358 Cruqaii‚
1319 2274 1510 2358 Caningami,

209 2360 225 2382 ”
247 2371 299 2434 Ge.
325 2373 460 2453 Fabricii,
483 2375 627 2453 Lambini,
647 2377 801 2462 Rutgerſsi,
821 2379 943 2441 Heni-ici
961 2395 992 2441 et
1012 2380 1127 2441 Ruteni
1148 2377 1357 2460 Stephanarum,
1381 2376 1507 2455 Talboti,

216 2501 218 2506 ·
247 2475 401 2554 Torrentii,
421 2496 452 2541 et
471 2481 575 2543 similia
590 2482 713 2544 nomina
728 2483 918 2545 indicantur:
940 2483 991 2546 sed
1006 2483 1074 2545 satis
1088 2481 1131 2545 est
1145 2503 1257 2567 ponere
1272 2482 1333 2559 illa,
1348 2505 1416 2566 quae
1430 2504 1520 2567 pro-a

245 2581 310 2664 pria
326 2585 457 2665 quodam
473 2585 564 2646 modo
578 2573 789 2656 huia'editioni
805 2585 883 2672 sunt.
926 2587 1047 2670 Nempe

245 2684 324 2747 Birr.
341 2689 423 2770 quod
437 2688 568 2752 occurrit
577 2689 673 2751 'modo
688 2689 758 2752 Car.
777 2709 806 2754 2.
824 2709 853 2754 2.
869 2690 1036 2754 declaratur
1050 2684 1092 2752 ibi
1107 2692 1146 2752 ad
1159 2712 1188 2753 v.
1206 2706 1235 2754 2.

118 2847 121 2852 .
245 2787 318 2853 Bos.
337 2791 484 2854 Lamberti
502 2777 558 2855 Bu
572 2789 829 2878 Animadverſsanes
843 2795 882 2855 ad
887 2795 1037 2879 scriptores
1051 2795 1176 2878 quosdam
1192 2793 1311 2871 Grecos,
1326 2792 1435 2878 quibus
1451 2795 1511 2856 ad-

288 2893 362 2978 jecit
376 2896 466 2957 etiam
482 2897 616 2973 Latinas,
631 2899 670 2959 ad
684 2897 838 2960 Horatium
853 2899 976 2981 quidem
992 2921 1054 2982 ap.
1073 2902 1122 2960 26.

225 3037 228 3042 -
247 2995 285 3068 B.
302 2997 353 3059 Bt.
370 2999 480 3062 Bradai
493 2999 599 3062 Codex
614 3001 684 3064 MS.
701 3003 738 3064 de
753 3023 815 3085 quo
829 3003 921 3080 modo
936 3002 969 3066 in
982 3001 1129 3065 Praefidiis
1143 3023 1175 3063 n.
1192 3002 1250 3064 IV.
1265 3003 1397 3066 dietum.-

224 3111 228 3119 '
248 3099 328 3163 Coll.
344 3101 413 3165 Sar.
430 3104 490 3165 vid.
505 3103 625 3184 Praesrd.
641 3126 672 3166 n.
689 3105 743 3167 III.

248 3205 284 3268 F.
303 3205 349 3267 Fl.
369 3207 541 3269 Florentina
561 3211 603 3269 A.·
627 3213 718 3288 1482.
738 3207 761 3270 s.
781 3230 874 3292 quam
893 3209 1023 3293 possideo
1038 3195 1142 3273 carum
1157 3224 1188 3272 et
1201 3215 1321 3294 gratum
1337 3230 1449 3273 munus
1465 3210 1513 3273 11-

292 3311 452 3374 lustriffimi
468 3312 697 3399 Hardenbergii.
741 3313 792 3377 Est
807 3313 873 3377 haec
888 3315 1027 3398 princeps
1042 3315 1133 3377 editio
1147 3315 1279 3390 Horatii,
1295 3316 1326 3376 in
1342 3336 1402 3398 qua
1413 3315 1511 3378 inter-

236 3473 246 3486 ,
292 3417 474 3500 pretationes
489 3417 619 3480 Landini
634 3405 879 3503 adjundlae'sunt.
922 3417 1108 3501 Subscriptio
1122 3418 1206 3481 haec:
1229 3419 1414 3504 Chrssaphari
1423 3419 1514 3481 Lan-

289 3520 353 3582 dim'
367 3519 523 3582 Florentini
537 3523 567 3582 in
585 3520 630 3606 Q
646 3521 765 3584 Horatii
777 3521 874 3583 Flacci
886 3538 966 3605 opera
980 3525 1071 3583 amnia
1081 3525 1336 3604 interpretationum
1341 3521 1417 3606 finis
1431 3524 1513 3586 divi-

294 3647 328 3685 no
341 3624 535 3711 auxiliafilix.
574 3625 734 3711 Imprefflam
743 3640 798 3708 per
807 3626 963 3691 Antonium
979 3625 1184 3718 Mfiaminum⁸
1192 3625 1337 3687 Florentia
1353 3629 1414 3688 An.
1431 3626 1514 3689 salu-

292 3730 333 3794 tis
344 3727 654 3803 MCCCCLXXXII.
670 3730 769 3792 Nonis
781 3729 923 3815 Augusti.
959 3730 1052 3816 Typi,
1063 3729 1185 3805 chartae,
1194 3729 1353 3814 descriptio
1363 3729 1515 3814 interpre-¹

293 3835 444 3898 tationum
469 3833 500 3894 in
519 3833 715 3918 marginibus,
733 3855 789 3896 nec
813 3833 991 3897 hodiernam
1009 3833 1187 3919 elegantiam
1206 3835 1378 3897 dedeceant.
1422 3835 1514 3926 Qa-

295 3940 448 4003 tetniones
467 3958 530 4001 non
548 3939 590 4000 illi
609 3939 732 4021 quidem
751 3938 845 4000 literis
863 3937 1026 4022 Alphabeti
1046 3939 1161 4023 ignati,
1180 3937 1231 4001 sed
1245 3939 1317 4001 solia
1333 3939 1394 4023 ipsa
1409 3941 1441 4002 in
1457 3963 1513 4002 an.

212 4071 221 4079 a
296 4044 370 4128 gulo
388 4043 494 4106 dextro
508 4042 625 4126 paginae
640 4040 760 4104 adversa
775 4041 908 4104 numeris
927 4036 981 4125 per
998 4055 1098 4103 totum
1116 4038 1194 4125 opua
1211 4042 1367 4106 'continuis
1388 4043 1516 4105 distinc-

297 4162 339 4222 ta,
355 4148 392 4208 ad
408 4167 484 4229 quos
499 4147 724 4217 accommodata
740 4145 782 4206 est
798 4144 898 4208 tabula
913 4145 1140 4220 vocabulorum,
1156 4167 1224 4227 quae
1240 4146 1271 4206 in
1286 4147 1514 4211 commentariis

222 4247 244 4335 J
297 4251 497 4334 explicantur,
512 4269 574 4312 non
589 4247 670 4310 bono
686 4231 807 4310 crinsrlio
822 4249 889 4332 post
904 4249 1016 4311 omissa.
1060 4249 1175 4338 Qales
1191 4249 1246 4312 sint
1261 4251 1319 4312 illae
1335 4251 1516 4334 interpreta-

297 4356 407 4430 tiones,
423 4352 755 4435 ostendentspecimina
771 4355 867 4414 multa
882 4375 899 4414 a
914 4353 1042 4416 Baitero
1058 4356 1155 4415 allata.
1199 4330 1277 4415 iilud
1294 4356 1452 4416 universim
1467 4370 1519 4418 te-

298 4441 451 4532 nendum,
471 4458 566 4519 multa
585 4471 658 4518 tunc
678 4456 815 4541 ignorata
835 4457 926 4518 etiam
945 4456 1055 4532 doctis,
1078 4479 1146 4539 quae
1171 4458 1202 4518 in
1222 4457 1388 4521 trivialibus
1407 4458 1519 4524 libellis

299 4563 469 4637 habentdr3
492 4563 587 4622 multa
604 4561 712 4623 melius
731 4581 812 4624 nunc
831 4561 991 4622 traduntur
1005 4562 1037 4622 in
1053 4561 1172 4626 Lexicis
1186 4565 1233 4625 vel
1248 4563 1323 4625 vivae
1338 4564 1519 4648 interpreta-

299 4668 377 4731 tioni
392 4666 589 4741 reservantur,
604 4685 672 4748 quae
687 4679 753 4727 tum
769 4665 801 4724 in
816 4662 1058 4728 Commentarios
1072 4666 1240 4730 referebant
1253 4668 1373 4746 metito,
1389 4673 1451 4734 dte.

258 4773 303 4838 G.
321 4774 408 4835 Gott.
426 4771 632 4854 Gottingenlis
647 4768 751 4832 Codex
766 4767 838 4831 MS.
854 4771 891 4830 de
906 4791 968 4854 quo
982 4769 1103 4835 Praefid.
1119 4791 1150 4835 n.
1165 4770 1192 4834 Ι.

258 4879 304 4946 Η.
318 4877 402 4948 Han·
418 4876 671 4955 Hunnovoranus,
686 4875 724 4943 de
740 4895 802 4962 quo
816 4895 848 4938 n.
864 4873 905 4938 11.
