3167 5542
109 470 148 534 r,
166 455 204 538 r,
450 464 714 528 sermonum
735 470 821 528 ιιι.
841 472 888 536 ιι,

543 757 735 828 SATIRA
753 755 798 827 V.

64 984 66 1052 s
322 939 364 989 m
383 937 638 990 CAPTATORES
655 939 705 989 ΕΤ
724 939 1020 990 HAEREDIPETAS·

62 1064 164 1155 furiae
174 1095 250 1144 nte·
263 1082 308 1143 ille
321 1081 473 1142 Thebanus
486 1083 587 1163 mysi,
600 1083 711 1163 roganti
724 1105 782 1162 quo
795 1086 878 1164 padio
891 1085 1022 1146 ditescere
1035 1083 1126 1164 possit,
1139 1081 1295 1162 respondet.

91 1167 179 1228 senum
197 1169 358 1230 testamenta
376 1170 463 1230 astute
480 1169 531 1230 esse
548 1171 704 1249 captandae
723 1166 807 1250 atque
830 1173 958 1250 deinceps
976 1171 1097 1234 recenset
1114 1169 1199 1232 variar
1215 1183 1297 1252 artem

60 1251 62 1285 ¹
90 1256 186 1333 quibus
199 1256 314 1316 Horatii
326 1271 408 1316 aetate
423 1255 520 1316 Romae
534 1255 666 1335 ejusmodi
679 1271 836 1335 captatores
849 1260 1007 1318 utebantur.
1092 1251 1098 1258 ’

56 1387 150 1491 Hoc
167 1441 319 1516 quoque,
335 1418 475 1507 Tirefia,
494 1434 618 1513 prater
632 1436 768 1492 narrata
782 1420 910 1514 petenti

55 1524 249 1630 Responde:
276 1534 398 1631 quibus
414 1533 542 1608 amiffas
558 1557 713 1630 reparare
729 1560 853 1632 queam
870 1559 922 1608 res

54 1650 188 1724 Ambus
203 1667 307 1748 atque
322 1651 443 1723 modis.
493 1650 588 1757 Qrid
605 1650 717 1724 rides?
776 1655 810 1750 ss
827 1637 948 1744 Jaurne
964 1651 1082 1736 dolosq

52 1763 130 1848 Non
144 1768 218 1841 satis
235 1765 284 1842 est
299 1767 449 1840 Ithacam
465 1766 592 1855 revehi,
608 1766 798 1864 patriosque
813 1785 949 1862 penates

53 1881 228 1977 Aspicere?
285 1887 319 1980 ss
336 1883 371 1954 Ο
388 1883 473 1955 ιιιιΙΙί
489 1882 676 1982 quidquam
692 1882 845 1971 mentite,
861 1883 952 1955 vides
970 1899 1008 1956 ut

52 1997 168 2071 Nudus
184 1998 348 2096 inopsque
363 1997 507 2070 domum
523 1999 673 2087 redeam,
689 2014 723 2071 te
738 2017 828 2086 vate,
844 2021 954 2094 neque
969 1997 1037 2072 illic

53 2119 120 2186 Aut
135 2116 300 2211 apotheca
315 2115 426 2209 procis
441 2114 566 2188 inum
580 2113 640 2203 est,
657 2132 715 2188 aut
731 2139 856 2210 pecus:
882 2116 976 2212 atqui

53 2231 92 2301 Et
107 2255 213 2329 genus
229 2247 265 2304 et
280 2230 399 2319 virtus,
415 2230 475 2302 nisr
492 2254 573 2303 cum
588 2254 639 2318 re,
654 2231 752 2304 vilior
768 2232 846 2329 alga
862 2229 918 2304 est.

52 2349 193 2453 Quando
210 2346 419 2445 pauperiem,
435 2347 533 2419 miffis
550 2347 763 2445 ambagibus,
778 2347 921 2436 horres3
1023 2371 1062 2448 q·

53 2464 186 2559 Accipe,
204 2490 273 2561 qua
288 2464 418 2537 ratione
433 2489 536 2560 queas
553 2463 738 2546 ditescere,
771 2465 911 2536 Turdus

53 2579 123 2652 Sive
138 2582 231 2652 aliud
247 2579 382 2675 privum
402 2581 536 2653 dabitur
551 2579 635 2670 tibi;
661 2581 796 2653 devolet
811 2580 892 2652 illuc
996 2633 1002 2648 .

53 2695 117 2768 Res
134 2696 192 2768 ubi
208 2719 335 2794 magna
349 2695 447 2783 nitet,
462 2695 603 2768 domino
619 2696 720 2785 sene;
747 2695 859 2768 dulcia
874 2720 989 2790 poma.

53 2811 92 2882 Et
107 2813 326 2912 quoscunque
341 2812 426 2886 feret
443 2814 553 2885 cultus
569 2812 630 2884 tibi
646 2812 773 2885 fundus
790 2813 951 2901 honores,

54 2934 138 3002 Ante
153 2935 280 3004 Larem
295 2930 405 3028 gustet
420 2930 641 3003 venerabilior
657 2933 746 3003 Lare
761 2930 874 3020 dives3

81 3234 95 3280 3
110 3219 199 3338 Dogofo
213 3224 279 3270 cion
293 3221 361 3278 Seios.
378 3223 510 3286 Cup-m
525 3221 613 3288 Aspice
626 3223 719 3270 G.-11
739 3219 848 3268 Primum
861 3222 889 3268 G.
901 3221 924 3268 S.
936 3231 956 3268 et
966 3223 1049 3283 quidam
1060 3224 1119 3286 apud
1126 3221 1220 3270 Laudin-
1231 3223 1267 3272 1⁹1.

112 3303 143 3348 14
161 3302 183 3340 ι»

81 3425 427 3500 1Comicumpriueipiume1
440 3433 548 3498 abrupto.
583 3435 656 3483 Stena
722 3433 813 3482 6Bene
823 3434 900 3481 Nudus
909 3445 928 3481 re
936 3445 995 3490 vete,
1005 3433 1034 3482 de
1043 3431 1135 3497 passuro
1143 3432 1300 3498 nausmgiunr.

51 3499 151 3566 estapuu
162 3502 267 3560 inseroa3
277 3501 393 3566 essqueex
405 3499 506 3564 Odyssea
515 3501 655 3549 desumtum.
689 3503 788 3548 Nudum
806 3499 906 3548 dicimur
920 3499 1030 3548 omnihus
1043 3501 1168 3564 spoliatum
1182 3501 1255 3550 bunia
1273 3503 1300 3549 B.

52 3567 77 3612 B·
109 3570 171 3618 Nem
216 3569 264 3618 od
276 3568 367 3633 hapud
379 3568 466 3617 micros
476 3569 575 3617 consulit
585 3569 656 3617 Tire·
689 3568 801 3616 Pradicit
818 3568 864 3616 hoc
880 3567 982 3616 Tiresias
997 3566 1083 3630 Ulyllla
1097 3568 1143 3616 Od.
1156 3577 1182 3628 Δ,
1199 3583 1253 3618 110.
1267 3567 1300 3634 sq.

49 3632 102 3682 stam
118 3587 218 3700 stylis
250 3637 329 3700 Lepos
345 3636 421 3685 satirae
437 3635 462 3684 in
476 3634 521 3683 hoc
536 3635 578 3693 est,
592 3637 655 3699 quod
689 3639 720 3682 (3.

49 3697 159 3752 'siresram
173 3715 198 3753 et
209 3703 307 3754 Thebas
320 3703 427 3751 nominat
442 3715 520 3767 poeta,
533 3703 656 3751 manifesto
723 3715 735 3762 7
750 3705 819 3767 Atqui
823 3725 830 3756 ,·
845 3701 992 3766 quinetiam,
1003 3702 1066 3766 quod
1075 3702 1151 3750 adhuc
1159 3701 1301 3766 gariueesl.

49 3777 125 3816 tamen
136 3773 259 3820 Romanoa
268 3769 432 3835 pingit-morea
443 3782 467 3818 et
476 3770 532 3817 lacit
540 3770 655 3834 personas
722 3769 737 3818 8
752 3773 838 3827 Virtus,
850 3771 927 3831 Σοφία,
938 3771 1022 3817 Docte
1034 3781 1104 3827 artes,
1114 3781 1138 3817 et
1149 3769 1206 3817 belli
1217 3785 1301 3818 morer.

50 3835 78 3881 G.
110 3839 199 3888 Praeter
222 3849 325 3894 nurum,
346 3838 376 3884 de
398 3837 476 3885 reditu
499 3837 523 3884 io
546 3837 656 3900 patriam,
724 3839 795 3884 Wlier
809 3841 875 3902 algrac
895 3835 1207 3886 Proverhiodicituretiam
1219 3837 1301 3903 virgi-

51 3901 124 3964 ΟΜ.
136 3905 167 3963 λ’,
178 3919 219 3968 99.
232 3905 281 3968 sqq.
310 3906 381 3954 Nunc
393 3921 450 3952 vero
461 3903 560 3968 fingitur
571 3920 655 3969 rogare
687 3902 728 3951 lio.
764 3899 831 3964 Σιφῖίιι
844 3905 919 3970 egicae
932 3909 1045 3952 «unirer.
1061 3907 1197 3953 Anacreon.

50 3967 76 4015 de
86 3971 156 4019 modo
167 3971 305 4037 reparanda
316 3973 351 4020 rei
361 3971 490 4019 familiaria
509 3973 539 4018 Z.
723 3983 754 4018 ιο
766 3974 851 4036 Accipe,
862 3971 926 4029 audi,
937 3971 1046 4020 ausculta

80 4049 95 4085 2
105 4040 206 4104 Aniffas,
220 4057 235 4088 a
246 4039 323 4104 procia
333 4040 463 4088 devoratas.
722 4052 751 4084 11
763 4041 857 4086 Priorem
866 4041 891 4105 est
899 4044 953 4102 qued
961 4044 1020 4086 unius
1028 4041 1119 4106 finde
1126 4049 1147 4086 es
1152 4042 1301 4106 privilegium,

80 4117 94 4162 3
107 4107 170 4172 Quid
178 4107 254 4153 rides?
268 4121 344 4169 neque
356 4105 420 4160 enim
429 4105 506 4178 potest
517 4115 544 4152 ut
555 4103 614 4152 serlo
626 4104 655 4151 ll'·
687 4114 711 4151 us
721 4107 756 4153 boc
768 4107 893 4152 Plautinum
905 4111 982 4153 indicas
989 4128 997 4154 :
1012 4109 1078 4154 Exire
1086 4109 1242 4174 nsertefustcs
1249 4112 1301 4170 pri·

49 4169 90 4220 tud
105 4187 200 4236 quares.
218 4175 245 4220 B.
270 4172 367 4221 Tirefiae
382 4170 465 4220 tribuit
479 4171 539 4220 hauc
553 4172 655 4220 interro-
687 4177 839 4219 aasumensi.
857 4173 1040 4224 Vet.8ch01.1s
1064 4173 1301 4238 ltaqueprioumerit

49 4237 172 4297 gerionem.
208 4240 254 4288 Sed
274 4240 333 4288 mihi
353 4239 387 4289 ita
405 4241 516 4289 ridetur:
539 4239 654 4290 observat
687 4239 783 4288 unicum
799 4239 911 4302 quiddam
926 4241 960 4289 sui
974 4241 1075 4304 generis,
1088 4252 1112 4287 et
1124 4255 1152 4287 eo
1164 4239 1300 4303 pretiosum

52 4303 145 4365 Ulyssea,
155 4306 232 4356 ridere
243 4307 359 4356 Tirefiam
370 4309 400 4357 ad
412 4324 493 4372 preces
503 4308 561 4356 suas.
580 4311 610 4356 G.
688 4308 741 4355 Hoc
753 4323 811 4354 vcro
823 4309 942 4370 quomodo
954 4309 983 4355 ad
994 4313 1077 4355 surdum
1089 4307 1212 4355 commode
1224 4305 1300 4372 appli-

82 4373 159 4436 Jeme
174 4394 214 4422 m
221 4377 278 4437 fietis
289 4375 323 4442 est,
336 4375 391 4423 he.
407 4378 492 4424 Nonne
502 4375 551 4438 jam
563 4373 655 4439 gratili-
687 4387 761 4430 cetur,
776 4390 823 4422 non
836 4375 912 4423 video.
946 4377 1052 4432 Primum,
1069 4375 1134 4437 cujus
1148 4373 1301 4422 audoriutes

51 4449 110 4485 tatus
123 4441 174 4488 sum
191 4439 236 4490 tibi
251 4443 306 4492 satia
322 4443 426 4491 reditum
441 4441 559 4507 pollicitus
572 4442 597 4488 in
611 4458 655 4506 pa·
685 4443 752 4505 posui
771 4443 848 4506 supra,
864 4441 983 4506 poffumus
1002 4441 1134 4505 intelligere
1152 4439 1190 4489 vel
1208 4439 1314 4491 ratione.

50 4505 122 4553 triam.
686 4510 808 4572 temporis,
823 4521 849 4557 ut
861 4509 950 4573 primos
961 4509 1037 4566 flores,
1052 4509 1150 4566 srudua,
1161 4506 1237 4572 pullos
1247 4507 1300 4572 gal·

81 4572 185 4622 Suaviter
201 4579 263 4639 doloso
276 4577 392 4640 apposuit,
409 4592 463 4625 eum
479 4576 567 4624 artium
582 4587 653 4641 atque
686 4575 794 4634 hortem,
804 4575 903 4634 haleces,
914 4577 938 4625 in
950 4577 1042 4642 magnis
1050 4575 1146 4624 urbibus
1155 4589 1209 4622 caro
1218 4575 1299 4622 venire
1317 4591 1321 4604 ·

51 4639 169 4689 nodorum
181 4643 321 4692 meminisset
333 4644 376 4701 illi,
386 4643 470 4709 quibua
481 4643 548 4691 facile
561 4660 654 4707 repara-
686 4643 809 4690 norimus:
829 4643 866 4690 vel
877 4656 974 4710 propter
988 4643 1147 4709 praestantiam
1158 4641 1261 4706 aliquam
1273 4642 1298 4690 in

49 4703 70 4762 ri
88 4705 173 4766 possebt
194 4725 248 4772 quac
267 4711 381 4759 amiserat.
416 4706 482 4777 Qid
500 4727 558 4774 opus
577 4711 654 4760 suerat
686 4709 727 4758 suo
738 4726 833 4774 genere,
845 4727 897 4774 quae
909 4713 974 4760 varia
986 4709 1029 4760 effe
1041 4710 1123 4776 potest.
1138 4713 1170 4759 G.
1195 4711 1300 4766 Pri-cm,

52 4770 178 4823 Bentleium
194 4777 224 4824 de
242 4777 283 4838 spo
302 4791 395 4829 mutare
413 4779 530 4828 Dacicum
548 4781 610 4843 doloso
628 4779 654 4826 in
686 4777 814 4840 interprete
826 4777 946 4840 Ascenfio,
959 4778 993 4830 est
1003 4777 1136 4846 preprium,
1149 4776 1213 4844 quud
1225 4775 1299 4842 vulgo

52 4837 188 4902 l'oeativum
197 4847 279 4910 dolose?
687 4859 734 4893 non
746 4845 868 4911 reperitur.
887 4847 918 4896 Z.
1282 4845 1284 4852 ’
