3167 5542
142 506 149 564 ¹.
222 527 224 530 -
253 471 336 544 xxiv
622 495 845 566 Qnonarn
863 464 1003 550 tnacc'r
1022 497 1131 547 vnn.

252 635 387 697 circuitus
409 637 556 700 oiluminis
578 639 623 698 tui
632 637 675 722 stt
692 620 866 715 ὅγιυκωᾷ,
876 637 955 732 ficut
971 637 1170 724 ssventriculi
1182 640 1226 699 tui
1236 639 1264 698 *.
1308 633 1396 699 Vixit
1409 605 1507 719 pluria

254 757 339 800 mum
359 740 390 800 in
406 739 512 802 seceffu
529 741 623 804 Ruris
643 741 686 803 sui
705 739 820 816 Sabini,
836 756 887 803 aut
900 741 1067 817 Tiburtini.
1081 739 1247 823 domusque
1260 742 1327 826 ejus
1335 739 1507 804 ostenditur

143 851 151 866 ”
253 841 332 934 circa
351 843 481 906 Tiburni
500 846 645 907 luculum.
678 845 839 908 Venerunt
853 845 885 906 in
898 866 1007 910 manua
1021 867 1104 908 meas
1117 844 1308 929 etElegisub
1321 843 1507 930 ejus'titulo,

253 960 284 1006 et
298 945 429 1029 Epistola
451 947 536 1032 prosa
559 949 692 1011 oratione
708 949 788 1031 quafi
809 948 1047 1012 oommendantio
1061 948 1091 1010 se
1105 947 1289 1023 Maecenati3
1311 948 1362 1010 sod
1376 961 1507 1027 utraque

253 1048 325 1112 falsa
340 1065 424 1133 puto.
468 1051 549 1114 Nam
565 1051 650 1137 Elegi
663 1053 820 1136 vulgarem
842 1051 972 1134 Epistola
987 1067 1089 1114 autem
1102 1051 1238 1126 obscura,
1253 1073 1315 1134 quo
1329 1050 1403 1113 vitio
1413 1049 1509 1120 mini·

253 1175 303 1216 me
324 1153 490 1216 tenebatur.
535 1155 633 1217 Natus
656 1156 699 1218 est
722 1155 780 1216 VI.
801 1155 848 1218 Id.
870 1154 1060 1230 Decembris,
1084 1155 1122 1216 L.
1145 1153 1235 1216 Cotta
1249 1168 1281 1216 et
1294 1154 1331 1215 L.
1346 1153 1509 1234 Torquato

253 1257 332 1321 Coff.
356 1257 486 1322 Deeeffit
509 1260 551 1321 V.
575 1259 644 1322 Kal.
664 1258 811 1322 Decemb.
827 1257 864 1320 C.
880 1258 998 1322 Marcio
1017 1253 1182 1321 Censorino
1196 1272 1227 1321 et
1241 1257 1279 1321 C.
1296 1258 1404 1320 Afinio
1412 1256 1510 1319 Gallo

253 1361 333 1425 Coff.
352 1363 446 1445 post†
470 1384 583 1425 nonum
604 1377 634 1424 et
657 1363 937 1450 quinquagesimum
957 1384 1083 1439 annum,
1101 1363 1219 1426 haerede
1241 1361 1380 1446 Augusto
1403 1361 1508 1443 palam

253 1481 439 1550 nuncupato,
453 1489 524 1530 cum
539 1483 663 1551 urgente
677 1467 708 1528 vi
723 1465 901 1529 valetudinis
916 1488 978 1528 non
989 1466 1136 1530 sufficeret
1146 1468 1184 1528 ad
1194 1465 1389 1550 obiignandac
1398 1465 1510 1526 Testa-

180 1653 182 1668 Ι
255 1571 350 1634 menti
369 1569 493 1638 tabulas.
537 1570 692 1634 Humatua
706 1585 736 1634 et
756 1570 897 1634 conditus
909 1569 954 1633 est
966 1570 1108 1633 extremis
1121 1567 1272 1654 Esquiliis,
1288 1570 1377 1654 juxta
1389 1567 1511 1632 Maece·

253 1677 331 1742 natis
346 1676 507 1738 tumulum.
1509 1660 1513 1671 ⁵

623 2149 921 2236 HORATII
959 2155 1125 2232 VITA

521 2343 1249 2404 mnmoexnmannnrnnnvrusnascmrrrn

254 2553 430 2682 anrus
445 2579 590 2642 Horatius
605 2577 730 2639 Flaccus
745 2563 901 2637 Lssrertino
912 2587 995 2656 patre
1009 2585 1098 2633 natus
1109 2571 1141 2631 in
1153 2567 1276 2652 Apusn,
1291 2589 1361 2631 cum
1376 2581 1460 2650 patre
1474 2569 1511 2631 in

252 2683 379 2748 Sabinos
394 2683 542 2767 migravit,
567 2701 657 2764 quem
669 2701 740 2742 cum
755 2692 839 2763 pater
853 2697 981 2760 puerum
996 2675 1130 2736 Romam
1145 2670 1260 2735 misrffet
1276 2672 1307 2733 in
1317 2673 1424 2734 iudum
1436 2671 1511 2734 lite-

250 2789 375 2862 rarium,
395 2785 566 2870 parciffimis
585 2783 719 2846 eruditus
739 2782 878 2864 impeniic
892 2778 1041 2863 angustias
1055 2777 1147 2860 patris
1162 2776 1233 2838 vicit
1248 2775 1380 2859 ingenio,
1394 2776 1512 2838 coluit-

252 2913 316 2974 que
336 2891 503 2953 adolescens
526 2890 666 2962 Brutum,
691 2886 744 2950 sub
768 2907 832 2968 quo
848 2883 1004 2945 Tribunus
1019 2881 1150 2943 miiitum
1169 2879 1249 2942 civili
1263 2877 1342 2941 bello
1353 2878 1511 2955 militavit,

252 2992 447 3080 captusquea
466 2992 592 3068 Caesare,
612 2991 677 3074 post
698 2990 827 3052 multum
844 3002 967 3071 tempus
977 2984 1124 3048 beneficio
1139 2983 1314 3047 Maecenatis
1329 3003 1390 3044 non
1405 2981 1511 3047 solum

219 3149 224 3158 .
252 3099 394 3174 servatus,
421 3097 470 3159 sed
492 3096 582 3158 etiam
601 3095 632 3156 in
651 3093 813 3156 amicitiam
831 3106 968 3175 receptus
982 3089 1035 3152 est.
1080 3087 1272 3178 Qapropter
1291 3087 1453 3148 Maecenati
1475 3104 1511 3150 et

191 3249 193 3256 ,
223 3261 228 3276 .
253 3202 393 3288 Augusto
417 3185 449 3261 in
470 3197 610 3261 omnibus
629 3197 754 3280 Scriptis
773 3196 833 3258 suis
844 3189 1057 3256 uenerabiliter
1072 3181 1201 3275 affingit.
1244 3189 1366 3272 Scripfit
1385 3188 1512 3253 Carmi-

252 3329 327 3371 num
348 3305 454 3367 Libros
472 3317 611 3386 quatuor,
631 3301 756 3385 Epodnn
773 3320 880 3375 unum,
895 3297 1027 3386 Carmen
1041 3295 1200 3370 Saeculare,
1215 3292 1396 3356 Sermonum
1409 3293 1450 3354 II.
1463 3295 1514 3358 E.

251 3412 424 3496 pistolarum
450 3409 490 3469 II.
511 3407 561 3469 De
582 3407 657 3468 Arte
676 3405 798 3466 Poetica
821 3403 846 3465 1.
880 3399 1098 3479 .Cornmentati
1118 3398 1186 3460 sunt
1209 3397 1240 3458 in
1261 3397 1348 3458 illum
1365 3395 1511 3486 Porphy-

213 3557 217 3564 ·
252 3517 329 3592 rion,
346 3511 512 3586 Modestus,
528 3509 676 3573 Helenius
692 3509 816 3584 Acron3
838 3503 1104 3590 optimeomnium
1121 3503 1234 3565 Acron.

287 3749 301 3776 ⁸
319 3749 380 3813 Qec
394 3745 433 3794 hic
448 3747 591 3796 omittuntur
604 3762 618 3793 a
632 3747 708 3794 nescio
725 3743 906 3812 quo'nebulone
921 3743 1023 3791 iuiare'ca
1039 3741 1107 3799 sunt3
1123 3755 1200 3804 neque
1211 3737 1275 3788 enim
1286 3736 1362 3787 solnm
1373 3734 1517 3793 inhonesta,

254 3829 336 3865 verum
349 3814 420 3890 etiam
433 3814 570 3870 deridicula,
577 3826 601 3864 et
613 3814 715 3865 ieie-m
726 3814 844 3861 videntur.
873 3814 977 3859 Ducarius
988 3809 1061 3858 etiam
1072 3808 1175 3872 prudens
1185 3805 1269 3854 omifit.

286 3883 302 3942 i
319 3881 457 3946 Rutgerfius
468 3895 496 3931 cx
508 3881 637 3932 Eusebiano
651 3881 769 3932 Chronico
780 3879 884 3946 reposuit
895 3879 1025 3944 Septimum
1044 3873 1228 3940 Chronographi
1239 3870 1372 3939 dispiciant.
