3167 5542
70 446 153 507 sss.
171 448 238 505 111.
404 516 413 528 ἱ
472 443 731 503 sERMONUM
753 446 839 501 usn.
859 441 887 500 r.

67 606 140 712 Qri,
156 632 198 680 ne
214 604 387 679 tuberibus
404 608 547 701 propriis
564 571 713 679 offsndat
730 607 894 694 amicum,

66 722 214 812 Postulat,
230 724 378 821 ignoscet
395 725 542 809 verrucis
558 723 670 823 illius..
711 724 868 819 AEquum
883 721 944 809 est,

65 840 200 913 Peccatis
216 841 348 913 veniam
365 842 557 935 poscentem
575 841 715 913 reddere
732 840 856 913 rursus.

63 957 223 1053 Denique,
240 974 406 1053 quatenus
423 958 534 1031 excidi
552 957 683 1051 penitus
700 956 821 1029 vitium
837 957 912 1044 irae,

67 1076 187 1147 Caetera
201 1076 284 1146 item
300 1092 475 1170 nequeunt
491 1074 598 1147 stultis
615 1073 801 1151 harentia:
826 1097 888 1145 cur
904 1096 994 1156 nou

64 1190 261 1265 Ponderibus
279 1191 490 1285 modulisque
507 1190 571 1263 suis
589 1190 675 1263 ratio
693 1188 823 1261 utitur?
848 1214 889 1261 ac
904 1213 958 1261 res

64 1306 108 1378 Ut
123 1332 265 1403 quaque
283 1304 343 1393 est,
359 1306 405 1403 ita
421 1306 587 1401 suppliciis
604 1306 726 1379 delisla
742 1304 903 1378 coercet?

63 1422 93 1493 Si
108 1424 177 1525 quis
194 1448 276 1497 euru
292 1423 438 1509 servum,
455 1423 605 1517 patinam
622 1422 681 1517 qui
699 1422 817 1495 tollere
830 1420 948 1519 jussus'

62 1542 200 1613 Semesos
219 1540 321 1635 pisces
339 1538 559 1634 tepidumque
577 1538 758 1637 ligurrierit
771 1542 840 1637 jus,

62 1658 96 1727 Iu
111 1684 207 1732 cruce
224 1657 369 1755 suffigat,
386 1658 547 1729 Labeone
562 1656 708 1729 insanior
725 1656 813 1731 inser

62 1776 156 1847 Sanos
172 1775 316 1849 dicatur.
369 1776 510 1879 Qsauto
527 1773 593 1847 hoc
611 1772 767 1845 furiosius
785 1788 888 1869 atque

59 1892 160 1989 Majus
177 1906 357 1988 peccatum
374 1889 445 1961 est?
470 1890 617 1963 Paulum
633 1889 775 1984 deliquit
791 1889 943 1977 asnicu83

60 2010 172 2115 (Qud
188 2010 251 2081 uisr
269 2002 448 2094 condedas,
465 2007 609 2079 habeare
626 2006 782 2093 insuavis,
800 2006 978 2098 acerbus)

58 2126 158 2197 Odisti
175 2146 207 2199 et
228 2124 330 2222 sugis,
348 2140 386 2195 ut
405 2124 580 2197 Rusonem
597 2124 730 2197 debitor
747 2124 849 2197 aeris?
917 2208 921 2219 ¹

88 2428 114 2475 74
132 2418 238 2483 lguoscet
253 2436 297 2464 sarrs
313 2418 383 2464 Bentt.
397 2418 460 2463 etiam
477 2416 504 2461 G.
520 2400 584 2461 Mis
602 2424 673 2473 1477.
687 2413 733 2462 &a
768 2410 875 2475 Ignoscat
890 2411 986 2471 ate—76
1005 2413 1125 2479 Qatiuus
1138 2418 1181 2461 edd.
1192 2425 1292 2465 eett.-.

116 2484 146 2533 82
163 2485 273 2534 Labieno
287 2488 338 2549 conj.
353 2485 424 2531 Beati·
458 2480 565 2529 Labiene
575 2484 605 2527 ed.
619 2480 747 2539 (itam-85
766 2482 874 2527 Baium
884 2480 983 2529 acerbus
994 2480 1061 2544 (εἶσί
1070 2484 1150 2545 adseq.
1161 2484 1226 2548 assisti,
1238 2501 1278 2529 nors

114 2556 172 2601 male.
198 2556 271 2617 Atque
281 2554 333 2599 item
340 2562 382 2615 pra
395 2550 468 2615 Qod
479 2554 529 2615 cani.
541 2546 596 2613 quoi
608 2554 624 2595 ι’.
636 2548 682 2595 tul.
702 2546 801 2596 Z.-86
812 2548 947 2597 Drusonem
958 2550 1027 2595 Aldus
1038 2553 1117 2596 demun
1129 2550 1229 2615 invexsffi
1239 2553 1277 2597 vi·

114 2624 179 2669 detur.

88 2765 99 2813 7
103 2768 114 2815 3
129 2756 198 2803 Tuber
205 2758 282 2823 gibbus
293 2756 326 2823 est.
344 2754 399 2801 Vet.
412 2751 488 2800 Schol
696 2764 718 2801 et
728 2751 805 2800 multa
813 2752 843 2801 de
855 2753 908 2801 viro
915 2750 1046 2803 honorifice
1057 2752 1122 2803 dista
1133 2754 1231 2820 colligit.
1265 2756 1312 2807 sid

87 2836 114 2881 74
125 2826 227 2891 stistat,
238 2822 364 2887 exspeotas.
696 2836 744 2867 nou
757 2820 891 2869 Scholiastae
900 2822 972 2869 ruodo
981 2822 1072 2887 antiqui
1080 2823 1112 2876 de
1121 2822 1163 2870 illo
1175 2822 1314 2889 intelligunt

87 2890 114 2949 76
127 2892 203 2939 Exsidi
215 2892 328 2941 dicuntur
340 2904 441 2955 quorum
457 2887 545 2935 radices
557 2888 664 2935 exsecan-
696 2886 719 2935 h.
731 2886 746 2935 l.
764 2902 849 2935 verum
865 2888 957 2938 Gellius
972 2904 1010 2950 13.
1024 2904 1061 2938 12.
1076 2906 1105 2938 er
1119 2890 1218 2953 persona
1232 2892 1314 2939 aenruli

58 2964 106 3014 tur;
122 2958 149 3005 lic
161 2972 184 3006 et
197 2958 324 3023 Virgilius,
341 2960 419 3005 Novis
435 2960 522 3003 insidere
536 2958 600 3009 tisis,
619 2954 663 3001 hae
696 2953 757 3003 illius
774 2956 842 3003 Ateii
859 2957 983 3020 Capitonis
999 2958 1181 3005 AGITABAT
1201 2958 1315 3023 (verbum

59 3038 106 3071 rore
118 3038 215 3075 utuntur
230 3024 330 3074 Medici.
360 3026 423 3071 bene
435 3034 515 3071 autern
530 3026 597 3069 excidi
608 3036 664 3071 eum
697 3022 825 3071 vehemens
839 3034 863 3070 et
875 3024 1027 3089 intemperies
1041 3024 1158 3087 indicans)
1174 3027 1273 3075 hominess
1284 3030 1313 3075 ti·

58 3104 103 3137 ante
114 3096 183 3141 tubera
195 3108 219 3143 et
232 3113 334 3141 verrucas
348 3090 494 3139 nominasset.
517 3092 627 3137 Paulatim
643 3109 664 3136 ea
695 3092 764 3137 bertas
776 3094 868 3153 qaedam
879 3096 946 3139 airsss'a
956 3102 1018 3155 atque
1029 3094 1176 3141 VECORSt
1195 3107 1219 3141 ct
1234 3111 1263 3143 ex
1274 3094 1314 3143 su!

57 3160 156 3219 dssssdit5
175 3174 198 3209 at
215 3164 315 3223 adunfiss
334 3160 410 3206 Stoicos
429 3161 524 3223 AEsprtrt,
543 3162 579 3221 qai
596 3161 665 3203 dicant
696 3158 795 3223 persona
806 3178 885 3205 vanans
897 3159 1057 3225 virofidssriass
1068 3146 1244 3224 exprobrabat,
1256 3164 1315 3229 ᾖ(

55 3235 130 3285 patrata
141 3234 209 3277 arsssia
216 3234 287 3295 paria
298 3228 342 3295 (βε.
360 3228 416 3273 Vct.
426 3223 503 3273 Schol.
697 3227 796 3272 matam!
814 3236 882 3272 assem
894 3231 949 3273 ratio
958 3230 1018 3290 sirit,
1034 3228 1121 3291 lnquit,
1131 3230 1250 3276 maritus
1261 3233 1316 3276 notis

88 3306 113 3352 77
131 3298 164 3344 Ex
182 3298 318 3345 Stoicorum
337 3294 451 3341 sententia
462 3294 534 3361 stulti,
552 3304 575 3339 et
592 3291 665 3339 insani
697 3294 782 3357 abfiqssi,
796 3312 845 3355 quas
859 3295 968 3359 carfitearr
976 3298 1016 3359 jsss
1030 3296 1106 3341 haim
1114 3297 1249 3359 prendendi!
1266 3297 1315 3345 Ex·
1401 3310 1412 3321 '

59 3372 129 3409 amnes
143 3364 194 3413 sunt
211 3376 300 3428 prater
315 3362 375 3427 ipsos
391 3361 495 3417 Stoicos,
512 3372 536 3407 et
550 3358 610 3407 berre
622 3360 664 3406 ba·
698 3359 775 3423 empls
787 3360 942 3409 contumacia
954 3361 1023 3425 ipsius
1034 3360 1080 3409 alia
1089 3362 1160 3409 refert
1170 3364 1218 3410 Dio
1226 3378 1315 3425 5415·

59 3432 188 3486 sestiacum
200 3442 320 3495 nequeant
332 3428 409 3477 avelli.
698 3428 775 3492 igitur
793 3428 883 3476 mirum
901 3444 949 3477 uon
967 3428 1048 3487 suerit,
1066 3446 1079 3476 a
1098 3430 1198 3479 satirico
1218 3430 1315 3479 insanias

88 3496 114 3551 78
127 3498 187 3547 Rene
201 3502 313 3546 Rationem
325 3496 396 3544 modo
408 3492 584 3557 Philosophiam
593 3492 663 3541 dixit:
698 3494 810 3559 postulari
823 3496 902 3543 virum
915 3489 1029 3553 Stoieu‘m,
1038 3498 1102 3560 quod
1109 3513 1184 3560 genus
1192 3496 1231 3545 hic
1240 3510 1315 3555 taxat,

58 3556 101 3609 hac
111 3566 172 3613 euim
184 3566 267 3615 omnia
279 3565 308 3613 ad
321 3563 457 3619 Rationem,
472 3573 498 3611 ut
516 3562 545 3609 ad
561 3562 666 3625 pondera
698 3562 807 3611 abnormi
818 3562 844 3611 iu
856 3564 995 3627 quibusdam
1004 3578 1067 3611 certe
1076 3564 1145 3613 rebus
1153 3564 1274 3627 sapientia,
1284 3564 1315 3613 li·

58 3640 77 3675 et
91 3632 203 3681 mensuras
219 3633 308 3697 exigit:
329 3632 377 3679 Suis
395 3642 474 3678 autem
492 3630 586 3693 adjecit,
602 3628 665 3692 quafi
698 3643 735 3677 est
747 3630 835 3693 alioqui
847 3630 1012 3679 dottiffimum.
1029 3630 1126 3689 Videt}
1138 3632 1198 3679 tanti
1210 3632 1251 3689 est,
1260 3649 1314 3697 quse

59 3694 144 3757 diceret,
160 3700 201 3749 libi
218 3700 330 3765 propriis,
348 3710 372 3747 et
392 3699 422 3746 dc
441 3696 525 3761 quibus
542 3708 665 3761 tantopere
698 3698 722 3745 in
735 3696 834 3745 similem
846 3698 986 3747 seutentiam
997 3698 1142 3763 disputamus
1153 3700 1182 3747 de
1191 3698 1237 3746 alio
1246 3702 1315 3757 tcto,

58 3759 134 3821 jadase
145 3768 275 3817 consuevit.
699 3766 778 3821 Prisco
786 3765 910 3829 Juboleno,
921 3767 951 3813 ad
963 3764 1025 3815 Plin.
1037 3766 1108 3829 Epist.
1121 3766 1143 3813 6.
1157 3781 1194 3827 15.
1207 3780 1230 3815 a.
1253 3771 1315 3817 Inter

88 3844 114 3892 79
123 3836 206 3883 Detisia
215 3837 269 3883 sunt
279 3832 363 3897 quibus
370 3844 477 3881 rarenter
486 3848 620 3895 peccantum
630 3830 666 3877 in·
690 3836 754 3895 sauss
766 3837 848 3880 dicatur
860 3834 875 3881 i.
887 3834 950 3881 inter
960 3834 1004 3883 hos
1015 3846 1039 3881 et
1052 3834 1081 3881 ab
1093 3834 1137 3891 bis,
1148 3840 1184 3897 qui
1194 3855 1233 3882 nass
1245 3847 1264 3882 et
1270 3838 1316 3951 ff

59 3898 666 3971 leriedlissdlieetquibusdamintcrtnllisatquuspa·
697 3903 812 3963 isfisss'asst,
827 3915 854 3952 ut
871 3900 901 3949 de
919 3902 947 3949 C.
965 3900 1069 3949 Fimbria
1084 3902 1169 3949 Cicero
1185 3918 1230 3966 pro
1246 3904 1269 3951 R
1295 3920 1314 3952 c.

60 3964 97 4011 tris
194 3990 197 3996 ·
699 3970 788 4015 Arme.
803 3981 840 4017 12.
859 3969 889 4015 G.

88 4032 116 4079 80
126 4036 236 4087 Tellaeea
249 4036 329 4101 patina
341 4035 490 4085 elixabantur
501 4034 579 4099 pisces
601 4032 665 4081 Hine
733 4034 763 4095 83
773 4036 827 4083 Hoc
837 4036 1068 4099 peccatoiuserrum
1077 4036 1240 4105 l'gurritortm
1249 4054 1315 4087 eoru·
1385 4056 1390 4067 ·

60 4098 122 4148 etiarn
134 4105 238 4154 nostrum
254 4120 315 4153 ssu.
617 4134 625 4154 .-,
698 4101 765 4150 millo
775 4114 865 4167 quanto
876 4105 952 4168 majus
964 4104 996 4150 cst
1008 4104 1076 4162 illud,
1084 4106 1148 4167 quod
1161 4104 1223 4153 bunc
1235 4106 1315 4155 statim

89 4166 266 4234 81Ls'garrierit,=
278 4172 423 4237 degsfiavrrit.
436 4172 491 4217 Vct.
502 4168 579 4217 Schol.
601 4170 665 4217 Nam
698 4170 793 4219 dicam?
810 4172 874 4220 Nam
886 4171 989 4218 amicum
1000 4172 1099 4235 perdere
1111 4173 1187 4237 majus
1198 4172 1231 4220 est
1243 4190 1316 4237 quum

61 4232 164 4294 Lissrsise
180 4240 214 4287 esl
232 4240 311 4287 suavia
330 4238 463 4309 degustare,
480 4254 494 4285 a
515 4240 621 4301 Lingessds
641 4247 666 4284 et
698 4232 792 4287 servum
804 4238 984 4303 gravitssquam
996 4252 1101 4302 parerat
1114 4240 1199 4288 ulcisci.
1218 4244 1247 4289 G.

61 4299 144 4363 Lingua,
155 4318 180 4354 ut
192 4322 238 4371 ego
251 4307 333 4355 sentio.
732 4304 761 4364 85
775 4307 830 4371 Nfi
835 4310 937 4363 concedas,
947 4306 971 4353 h.
978 4324 998 4353 c.
1011 4306 1032 4353 ei
1042 4308 1149 4363 remittas
1158 4320 1181 4355 et
1190 4308 1315 4357 condonet.

90 4368 117 4416 82
131 4374 168 4419 M.
181 4376 283 4441 Antistius
295 4376 373 4429 Labra
385 4374 512 4430 Pretorius,
525 4374 591 4435 Jaris
602 4376 664 4419 etiam
732 4370 825 4420 Ulitnto
834 4373 1121 4436 Clrarientismoinfisavem
1131 4374 1315 4433 (licitationem

59 4440 129 4492 prritss
146 4458 220 4488 mensur
234 4444 348 4497 libertatis,
364 4446 386 4487 in
401 4460 442 4503 qua
454 4448 515 4489 haras
527 4450 582 4502 crat,
599 4442 664 4487 malta
698 4451 720 4487 et
734 4441 851 4503 asperum,
861 4443 964 4489 acerbum.
990 4444 1068 4489 11.ch
1080 4441 1316 4506 propritsuntfruc·

60 4510 191 4553 contumaciter
202 4511 301 4571 ashrcrfiss
313 4510 412 4570 castinus
421 4508 494 4572 dixiffi
505 4517 524 4553 et
529 4507 603 4571 ssriffs
613 4511 664 4553 disi·
697 4520 735 4555 ωε
746 4508 876 4555 immaturi.

60 4575 99 4623 'W’
110 4582 193 4635 prepter
209 4580 263 4637 quod
275 4574 327 4621 sins
344 4576 450 4623 Horatius
466 4577 553 4621 adnisas
566 4576 665 4640 Assgsfio,
732 4574 763 4623 86
779 4577 863 4621 Oilirsas
878 4586 903 4623 et
912 4578 1011 4639 sugimus
1026 4577 1090 4639 quod
1106 4576 1176 4623 nimis
1190 4576 1316 4625 molestum

61 4634 267 4691 insinuassmdixis.
284 4640 425 4693 Vet.Sclrol.
453 4642 515 4689 Vide
525 4642 597 4688 etiarn
607 4646 664 4688 liue-
697 4640 738 4700 est,
754 4654 777 4689 et
796 4638 857 4689 serre
875 4643 1006 4705 nequimus.
1041 4644 1105 4691 Nam
1122 4644 1181 4709 adst}
1198 4664 1237 4689 nass
1249 4646 1323 4707 serre'

62 4700 143 4774 tunium
154 4718 177 4754 et
190 4706 304 4756 Gellium.
324 4712 351 4757 B.
382 4710 479 4773 Eripere
493 4708 664 4773 iuinmiae,qua
697 4708 772 4767 ell,et
785 4712 1316 4774 orfimesnonuunquamctismexstsrare.
1345 4748 1354 4761 .

62 4763 256 4844 hltnadspergitur,
266 4792 380 4840 magnum
390 4779 485 4833 lCtum,
493 4790 516 4823 et
526 4776 594 4824 ssdlae
606 4778 664 4824 Pro-
696 4778 805 4840 Apposui
816 4777 889 4824 etiam
901 4778 1117 4842 Interrogationem
1125 4779 1155 4827 ad
1163 4776 1236 4829 finem
1245 4776 1317 4844 huius

62 4846 149 4889 sumna
167 4843 270 4906 primurn
288 4844 418 4902 tutiorem,
438 4842 514 4893 studet
536 4842 664 4903 Bentleius,
697 4844 784 4903 versus,
796 4844 860 4909 quod
872 4860 943 4893 nemo
955 4844 1105 4913 improbabit.
