3167 5542
41 480 119 539 sur.
137 476 200 537 ur.
432 470 688 535 sannionum
711 462 797 527 utu
817 427 846 525 i.

41 646 79 715 se
94 642 228 741 longum
245 640 389 731 faeiam;
416 642 501 712 dum
517 656 554 711 tu
573 638 759 733 quadrante
777 635 928 704 lavatum

41 762 102 865 Rex
116 761 187 849 ibis,
205 786 313 857 neque
330 778 363 831 te
380 758 556 855 quisquam
573 755 723 849 stipator,
744 752 897 845 ineptum

41 878 144 949 Praeter
161 876 365 971 Crispinum,
381 873 579 945 sedabitur:
607 868 740 944 etmihi
758 866 873 938 dulces

41 992 205 1087 ignoscent,
222 993 246 1062 st
264 992 346 1087 quid
362 1014 504 1085 peccaro
522 986 654 1073 stultus,
671 984 792 1070 amici3
856 1058 860 1066 .

41 1108 127 1203 inque
141 1108 248 1179 vicem
264 1108 402 1179 illorum
419 1106 525 1201 patiar
542 1104 663 1177 desiste
680 1103 836 1187 libenter,

41 1224 234 1321 Privatusque
250 1224 357 1323 magis
374 1223 486 1297 vivam
503 1240 536 1294 te
553 1246 632 1319 rege
649 1224 778 1292 beatus.

131 1502 176 1548 140
193 1492 296 1540 Pecuro
307 1493 370 1537 etim
383 1488 411 1536 G.
424 1488 477 1535 Sex.
512 1486 840 1551 stultuspeecavereamici.
859 1488 889 1537 Ζ.
918 1487 1171 1535 Pecceeemeddveu.

68 1678 234 1737 132Beutleiuu
249 1678 323 1727 edidit
335 1678 479 1742 Tonsorem,
493 1676 633 1725 austeritate
664 1674 746 1725 trare?
768 1676 888 1725 lumiliter
905 1676 976 1725 latrat
996 1678 1060 1727 canis
1082 1680 1123 1744 qui
1146 1692 1194 1727 nen
1216 1679 1281 1727 ualet

41 1744 112 1793 dudae
121 1746 200 1797 vetusti
211 1747 333 1811 eujusdam
345 1744 635 1810 Erernpiarieacruquio
665 1744 780 1793 mordere.
1253 1744 1258 1756 '

41 1814 148 1863 metuenti
162 1814 197 1879 [et
210 1818 308 1863 Aerem
326 1813 403 1878 MS.].
437 1812 483 1861 sed
500 1811 543 1869 itti,
559 1813 636 1860 nescio
701 1826 747 1871 137
761 1816 865 1876 Longum
876 1812 956 1877 supple
967 1814 1107 1863 sermonem.
1125 1816 1153 1862 Be
1177 1816 1282 1863 Dumtu

41 1882 151 1941 quomode,
160 1882 250 1938 rariora
261 1882 353 1945 semper
361 1880 410 1929 sere
422 1880 524 1929 maxime
535 1880 636 1944 placent.
666 1880 756 1945 sapient
766 1892 790 1929 et
803 1896 844 1928 rex
855 1881 902 1929 erie
911 1898 941 1929 ex
952 1893 993 1929 tua
1005 1896 1029 1930 et
1039 1882 1173 1946 gregalium
1186 1895 1284 1933 tuorum

41 1946 64 1992 B.
96 1946 167 1997 Placet
179 1948 281 1997 Bentleii
293 1948 372 2005 sedin,
383 1946 438 2012 quia
449 1947 586 1995 concinnius
596 1946 638 2005 est,
667 1948 795 1999 sententia:
814 1948 888 1995 etiarn
905 1964 951 2013 ego
971 1964 1024 1997 mea
1041 1948 1107 1997 fruar
1126 1963 1151 1997 et
1168 1950 1284 1999 sententia
1312 1977 1316 1985 ι

41 2012 112 2061 buon
130 2019 159 2065 ad
176 2016 242 2066 idem
264 2014 387 2081 opificium
407 2016 535 2064 revertitur
555 2014 637 2065 oratio.
668 2028 692 2065 ct
704 2015 825 2063 felicitate.
842 2018 873 2063 G.

42 2082 69 2129 Z.
703 2082 844 2146 Paupeteusi
855 2083 1011 2147 quadrantem
1022 2082 1153 2133 balneatori
1164 2084 1261 2133 dabant.

70 2150 177 2201 Manum
184 2164 249 2201 arten
260 2150 638 2217 OperadieuutunGraecie'Epyu
705 2151 751 2211 138
764 2152 823 2209 Rex,
833 2151 857 2199 h.
866 2170 888 2199 e.
898 2167 953 2199 eum
965 2151 1037 2199 suetis
1048 2168 1096 2199 rex.
1167 2189 1171 2196 .

72 2230 79 2263 1
85 2231 95 2277 3
99 2232 110 2277 3
130 2220 190 2268 Cum
209 2219 309 2267 deberet
329 2219 406 2267 dicere
426 2218 508 2266 usitata
530 2218 640 2276 formula,
706 2234 716 2267 r
722 2234 752 2281 39
766 2219 831 2267 Idem
842 2219 881 2267 hie
894 2219 1016 2283 Crispinus
1027 2219 1093 2281 eujus
1103 2220 1213 2267 meminit
1223 2220 1248 2267 e't
1261 2219 1285 2267 in

43 2284 83 2329 Nc:
90 2293 145 2349 pueri
155 2290 192 2334 riti
203 2290 306 2335 credituri
318 2284 380 2343 suut,
393 2286 465 2335 etiam
478 2285 529 2349 plus
540 2286 640 2349 ddjedu
670 2285 747 2351 prima
758 2305 763 2331 :
781 2288 877 2351 Ineptum
887 2286 952 2343 dicit,
959 2286 1023 2351 quod
1031 2284 1087 2334 essct
1097 2288 1223 2351 Arctusogus
1234 2283 1286 2335 vu]-

42 2366 75 2397 eee
85 2352 161 2402 seilicet
171 2354 278 2403 sadturoe
289 2354 318 2403 de
327 2370 356 2402 eo
368 2354 432 2416 quod
441 2352 555 2401 atateivis
563 2354 642 2419 pueris
671 2370 703 2421 go
714 2353 853 2418 appellatus.

43 2416 68 2463 de
80 2418 214 2471 aiiiainseniu
227 2420 283 2471 fieri
298 2420 435 2469 consuetum
447 2432 505 2469 erat.
539 2421 641 2469 Barbam
705 2424 793 2478 Duker,
803 2421 885 2469 sueves
894 2421 977 2483 utique
988 2433 1012 2469 et
1023 2420 1087 2469 boni.

44 2498 112 2533 aurem
122 2489 203 2539 vellere
214 2490 321 2539 maxima
333 2488 409 2537 stolidi
424 2488 484 2537 senia
498 2489 641 2537 contumelia
708 2492 755 2545 140'
763 2488 871 2537 Bentleio
877 2490 954 2553 magis
959 2488 1036 2553 placet
1041 2500 1137 2553 peccare,
1160 2488 1208 2536 und
1216 2488 1289 2537 semel
1311 2502 1315 2509 ·

46 2548 78 2597 est.
107 2556 128 2601 Si
149 2560 220 2623 Cynico
238 2558 327 2605 bardan
343 2558 441 2621 petasum
460 2560 549 2611 nonaria
569 2560 642 2603 vellat.
672 2556 711 2604 vel
725 2556 761 2603 bis
774 2568 909 2619 compareat
924 2557 948 2603 in
967 2554 1124 2604 Membrenie.
1141 2506 1169 2605 d.
1205 2556 1293 2613 Reae*

48 2618 130 2669 Persius.
674 2623 689 2672 si
701 2624 785 2672 eadem
797 2624 904 2681 meliora,
915 2636 942 2671 ut
953 2623 999 2671 bic.
1017 2628 1048 2671 G.
1286 2675 1289 2683 ,

76 2688 115 2745 136
123 2692 244 2759 Βωμνὺς
259 2688 341 2739 dolere
350 2690 437 2740 seilicet
446 2690 511 2755 quod
519 2704 566 2739 nen
575 2689 644 2757 peslie
707 2694 799 2747 Stultus,
809 2691 832 2738 h.
842 2708 862 2739 e.
874 2708 928 2739 cum
940 2692 1026 2739 fuerim
1037 2690 1120 2739 stuitue
1131 2690 1195 2754 quod
1207 2700 1232 2737 tu
1244 2707 1289 2753 pu·

48 2768 80 2801 τοι
89 2754 139 2805 sude
149 2758 252 2824 abigere.
484 2795 487 2806 .
674 2759 814 2807 tusscilicet.
830 2762 856 2807 li.
881 2762 932 2807 Nec
940 2758 1055 2807 diffitetur
1065 2760 1291 2817 Horatiaeinunn-

77 2822 132 2891 Qid
143 2827 227 2877 mirum
239 2822 275 2877 esi
287 2842 369 2893 regem
381 2825 499 2893 Cynicum
511 2825 599 2877 iratum
610 2826 643 2875 ia·
674 2842 767 2895 quoque
779 2840 876 2892 peceato
887 2826 956 2876 iucffe
969 2826 1099 2877 stultitiam.
1116 2830 1146 2875 G.
1164 2839 1173 2866 t
