3167 5542
47 488 201 557 siren
351 536 354 545 .
466 490 881 581 eonuonuntmm.

45 657 222 757 Contigit?
236 732 239 739 ,
272 660 306 757 qs
323 661 372 731 At
387 660 497 732 sermo
514 654 631 759 lingua
647 659 836 733 concinnus
853 675 1001 754 utraque
1075 736 1079 741 ,

44 776 198 863 suavior,
215 792 254 873 ut
271 775 362 853 Chio
378 792 462 849 nota
477 778 501 847 st
518 776 695 849 commista
710 776 845 849 Falerni
860 773 921 847 est.

43 896 76 989 si
94 894 186 965 Cum
203 892 314 964 versus
332 890 446 981 lacios,
463 892 605 987 teipsum
622 908 819 987 percontor,
837 914 882 964 an
898 906 933 966 et
949 908 1031 961 cum

43 1011 141 1081 Dura
157 1008 217 1082 tibi
235 1010 427 1107 peragenda
442 1009 490 1081 rei
507 1010 547 1081 s1t
562 1008 661 1083 causa
676 1006 803 1097 Petilli,
850 1050 855 1060 .
950 1023 954 1038 ¹

32 1125 176 1240 vScilicet
192 1124 317 1197 oblitus
334 1125 519 1222 patriosque
535 1124 702 1221 patrisque
719 1124 845 1241 Latini,

47 1244 136 1315 Cum
151 1241 276 1314 Pedius
293 1243 406 1315 causas
423 1243 562 1315 exsudet
577 1242 767 1328 Publicola,
784 1258 888 1337 atque

48 1358 229 1446 Corvinus,
245 1359 360 1455 patriis
375 1359 600 1432 intermiscere
617 1360 721 1455 petita

46 1477 156 1548 Verba
173 1474 255 1547 soris
272 1475 382 1564 malis,
401 1476 563 1548 Canusini
580 1498 676 1547 more
692 1473 880 1571 bilinguis?

47 1594 160 1689 Atque
177 1616 243 1690 ego
261 1616 342 1664 cum
359 1594 503 1665 Graecos
520 1589 682 1691 facerem,
698 1607 798 1662 natus
814 1612 909 1661 mare
925 1588 1023 1677 citra,

48 1708 260 1797 Verficulos3
286 1707 392 1781 vetuit
409 1732 464 1780 me
481 1707 538 1789 tali
555 1732 639 1779 voce
655 1708 836 1813 QririnuS,

48 1824 122 1897 Post
137 1824 287 1897 mediam
303 1825 440 1897 nofilem
456 1824 556 1912 visus,
573 1848 654 1897 cum
671 1824 801 1895 somnia
815 1847 920 1895 vera:

49 1944 87 2013 ln
103 1942 219 2015 silvam
235 1964 308 2013 non
323 1940 416 2039 ligna
431 1939 519 2013 feras
534 1940 694 2027 insanius,
710 1933 792 2012 ac'st

52 2058 191 2157 Magnas
209 2058 417 2129 Graecorum
434 2052 531 2130 malis
547 2056 688 2153 implere
704 2072 866 2128 catervas.
1195 2082 1202 2089 ·
1262 2082 1283 2154 3
1288 2082 1309 2154 ς

84 2332 114 2379 24
131 2320 269 2371 Comndxta
289 2319 343 2369 Ver.
361 2322 499 2381 fleuit-27
517 2320 612 2371 Oblitos
622 2322 700 2385 fiaspie.
720 2322 792 2369 Beati.
825 2318 908 2368 Latini
928 2320 956 2366 G.
973 2330 994 2366 er
1009 2337 1076 2367 onus
1092 2328 1142 2365 orire
1158 2316 1279 2363 Laudi.—

117 2387 147 2438 28
164 2389 268 2437 Exsudat
279 2394 330 2453 cnj.
343 2390 414 2437 Beati.
424 2390 480 2457 etsie
493 2391 550 2438 Zar.
579 2388 700 2454 Poplicola
714 2390 770 2437 Ver.
781 2388 859 2435 Laud.
870 2388 1008 2447 Benrs.-31
1025 2384 1106 2449 Atqui
1119 2386 1191 2432 Benrs.
1201 2402 1213 2430 e
1223 2384 1279 2434 redd.

115 2469 180 2518 -32
196 2454 254 2505 Tali
265 2470 304 2505 me
313 2458 387 2505 Beati.
398 2474 409 2505 e
419 2460 460 2505 eod.
471 2476 517 2505 nno.
1272 2457 1274 2460 '

87 2657 117 2705 13
135 2645 261 2699 Coscinus:
281 2640 480 2707 ornatos,pidlus.
521 2636 524 2653 “
694 2640 805 2706 Augusto
819 2640 955 2691 Consulem
975 2643 1003 2689 B.
1037 2640 1137 2689 Inclinat
1154 2640 1257 2698 animos,
1275 2641 1312 2690 oti

88 2714 240 2771 ascolonitas
253 2710 389 2777 Hypallage
401 2709 442 2767 eil,
453 2724 498 2774 pro
509 2710 584 2763 Chiam
595 2718 663 2757 rote.-
695 2720 778 2774 potem
799 2710 929 2757 Publicolam
947 2708 994 2759 dici
1014 2708 1044 2757 ab
1063 2709 1167 2757 Horatio
1189 2710 1315 2771 eminuit,

58 2788 80 2826 et
89 2790 134 2827 sota
146 2779 221 2843 posuit
235 2776 336 2843 figurate
348 2792 392 2843 pro
404 2778 484 2835 udus,
495 2776 533 2824 vel
542 2777 665 2841 amphora.
696 2778 737 2840 qni
752 2775 809 2825 esset
821 2792 849 2825 ex
861 2776 964 2825 Valeriis
976 2775 1112 2833 hrblicolis,
1128 2791 1184 2824 curn
1195 2776 1225 2823 de
1238 2776 1314 2824 Pedio

60 2846 111 2893 Erat
128 2859 207 2895 autem
226 2844 353 2896 Falernum
372 2845 480 2893 italicum
497 2856 522 2893 et
539 2843 666 2903 austerum,
697 2843 757 2895 nihil
772 2844 861 2892 constet
875 2842 918 2891 nifi
930 2860 959 2893 er
970 2842 1048 2892 Sehol.
1059 2844 1090 2891 ad
1104 2842 1156 2891 lul
1172 2842 1283 2901 Messala,
1298 2858 1315 2891 a

61 2912 141 2961 Chium
152 2926 233 2963 autern
246 2916 359 2977 Graecum
371 2924 395 2961 et
406 2912 482 2961 dulce.
698 2926 745 2975 quo
759 2912 889 2962 Terentius
898 2913 1050 2975 famulatum
1062 2910 1161 2974 accepit,
1177 2924 1225 2958 non
1237 2910 1315 2974 potell

90 2994 118 3039 25
138 2982 188 3029 Cen
208 2978 387 3045 mſstr'sact'ast
409 2978 499 3045 supple,
520 2980 598 3028 Uim
617 2990 666 3027 runc
698 2980 736 3027 hle
755 2978 834 3028 noster
852 2977 904 3028 else.
939 2980 1017 3026 Penus
1031 2978 1073 3042 qul
1088 2978 1167 3026 causas
1181 2978 1251 3035 dixit,
1266 2993 1317 3042 quo

61 3054 141 3096 emm.
158 3050 214 3098 Vct.
226 3046 304 3097 Scitol.
699 3060 807 3111 tempore
823 3046 874 3095 hac
889 3045 970 3094 scribit
984 3044 1108 3102 Horatius,
1125 3045 1166 3093 vix
1177 3044 1237 3094 alius
1248 3044 1317 3093 suifl'e

92 3114 121 3163 26
138 3118 201 3163 Dara
209 3139 218 3170 ,-
236 3120 328 3181 ualigrse
337 3120 393 3163 dura
400 3137 408 3169 ,·
426 3132 475 3161 nam
487 3115 514 3163 od
526 3116 618 3183 Aegtpls
629 3115 668 3183 qb·
699 3114 796 3163 videtur
813 3128 885 3177 quam
904 3112 1002 3177 collega
1020 3112 1132 3179 Augusti,
1149 3129 1164 3162 a
1179 3126 1227 3177 quo
1242 3113 1321 3161 Pedio

56 3182 129 3241 solvus
137 3185 169 3250 fi.
186 3186 242 3233 Vet.
252 3182 330 3231 Sehol.
358 3184 390 3231 V.
402 3184 449 3229 Sat.
463 3183 567 3244 1494
699 3182 745 3239 lex,
756 3180 827 3240 tilius,
837 3180 902 3244 quod
910 3181 970 3229 dixit
982 3180 1032 3245 poll
1044 3180 1103 3228 alios
1112 3179 1235 3228 Daceriur.
1251 3182 1283 3229 0.

92 3250 219 3315 Peragenda,
233 3250 287 3299 h.e.
302 3248 442 3315 peroranda.
735 3262 767 3311 ³0
786 3250 885 3315 carpini
903 3264 958 3296 cnm
975 3248 1072 3312 reliquie
1088 3246 1205 3305 Calabris,
1222 3246 1319 3313 Apulis,

94 3318 187 3369 Petilliis
204 3318 247 3367 ille
262 3316 389 3367 abllulerat
405 3330 516 3365 coronam
530 3331 628 3365 auream
639 3316 668 3365 de
700 3316 805 3365 Lucanis
815 3328 839 3364 et
852 3314 941 3364 Brotiis
951 3316 981 3363 de
994 3316 1089 3381 Magna
1099 3326 1168 3363 erant
1179 3314 1282 3374 Graecia,
1292 3326 1318 3363 et

66 3382 133 3445 capite
145 3385 274 3450 Capitolini
286 3385 358 3451 Jovia
703 3387 845 3433 Grsecorotn
857 3383 956 3433 colonis
967 3383 1071 3430 immisti.

95 3464 123 3507 27
140 3454 228 3507 latim
247 3453 282 3501 ita
293 3452 421 3517 legendum
432 3449 478 3500 else
490 3466 533 3515 pro
544 3452 622 3499 hilii
633 3452 671 3515 vir
735 3451 837 3516 Dilogue
851 3451 899 3499 dici
913 3450 972 3499 solet
986 3452 1095 3515 Billnguu's
1105 3449 1179 3499 etia'm
1190 3464 1235 3513 pto
1250 3448 1319 3497 dolo·

66 3514 199 3569 dofflffimuo
205 3519 332 3585 Dionysius
338 3519 507 3569 Lambinusex
516 3518 591 3567 tullus
599 3520 670 3566 MSS.
702 3519 734 3567 so.
768 3520 879 3583 [detergo
893 3528 913 3565 er
930 3520 1013 3565 Ennius
1028 3529 1049 3565 er
1063 3521 1159 3565 Lucillus
1171 3519 1273 3564 Brutum
1284 3519 1318 3565 bi·

66 3582 172 3645 ollendit3
192 3588 313 3651 Cruquius
327 3586 421 3651 probat,
437 3588 582 3650 Veteresque
598 3586 671 3635 Scho·
701 3589 780 3651 linguei
795 3590 900 3633 ilixerunt.
926 3588 982 3633 Vet.
994 3584 1072 3633 Schol.
1086 3586 1217 3633 uVeterc
1229 3584 1337 3634 Codice·

68 3646 131 3699 liallae
142 3653 290 3703 confirmant.
320 3654 496 3703 Bentleioshoc
508 3652 635 3717 improbat,
647 3664 670 3701 et
702 3653 799 3719 Joscphi
812 3652 933 3717 Scaliperi.
953 3651 962 3671 ‘

68 3716 136 3768 servat
154 3722 257 3785 priorem
275 3722 423 3787 scripturam.
445 3722 471 3770 B.
506 3722 581 3770 Redit
599 3722 671 3769 Bent-
738 3735 767 3783 31
787 3724 885 3769 Facerem
891 3743 901 3774 ,-
916 3723 992 3785 facere
1008 3722 1098 3773 vellem:
1120 3730 1147 3767 ot
1161 3720 1318 3767 Concanum

69 3780 133 3833 liius:
154 3790 226 3837 ollito
241 3780 314 3855 patris
331 3792 416 3847 Latini,
436 3788 452 3836 i.
470 3788 569 3857 originis
585 3787 671 3836 abillo
703 3790 778 3853 Reges.
798 3789 855 3835 Ver„
867 3787 945 3835 Schol
966 3790 993 3835 B.
1027 3788 1101 3835 Haud
1116 3786 1187 3835 dubie
1203 3785 1320 3835 Horatius

70 3864 126 3915 rege,
143 3856 205 3920 cujus
222 3870 246 3905 et
261 3862 348 3907 nomin
363 3856 433 3904 debet
449 3857 615 3904 commendare
627 3855 673 3903 lin·
703 3852 764 3903 honc
781 3860 834 3903 rem
850 3855 962 3913 tentavit,
979 3869 1035 3903 tum
1049 3854 1153 3903 Athenio
1166 3854 1252 3903 litteris
1262 3870 1320 3919 ope·

70 3931 140 3979 guam.
173 3923 289 3975 Maliane
302 3936 336 3983 tu,
353 3924 460 3973 delensor
472 3922 568 3980 Lucilii,
585 3922 673 3971 oblitus
703 3939 756 3971 ram
768 3924 842 3971 daret.
861 3926 893 3970 Z.

72 3980 176 4036 Romana
193 3990 329 4055 majestatis,
348 4002 454 4039 oratores
473 3991 576 4039 summos
591 3979 678 4055 patriis
738 3991 836 4038 Comice
848 3988 948 4053 protulit
958 3990 1032 4037 Natus
1041 4008 1101 4037 mare
1108 3992 1163 4037 citra
1167 4010 1175 4044 ,¹
1188 4000 1213 4037 et
1222 3989 1252 4037 od
1261 3992 1319 4037 Ern-

71 4052 140 4125 vrrbis
152 4056 281 4107 immiscere
297 4058 448 4116 verbosorio
464 4056 493 4106 ab
505 4059 615 4115 externis,
632 4074 673 4123 pe·
704 4057 786 4122 phasin
801 4058 878 4122 posuit
891 4057 981 4105 vilioris
991 4057 1070 4120 pretii.
1104 4056 1243 4105 Delicatulis
1254 4058 1319 4105 enirn

72 4118 126 4167 uta?
142 4122 240 4189 Elegans
253 4126 286 4173 eli
302 4126 375 4177 eriam
389 4128 472 4183 allitus,
489 4136 515 4173 ut
527 4126 674 4174 adoratores
704 4124 804 4173 mirilico
819 4124 914 4189 placent
927 4125 1090 4173 transmarina.
1111 4126 1139 4172 B.
1176 4124 1321 4173 Mihivide·

73 4193 94 4229 et
103 4185 214 4239 inlinitum
224 4193 362 4257 intermiscere
373 4194 501 4257 pertineat:
521 4192 560 4241 sed
572 4192 621 4241 solo
633 4193 674 4239 nd-
705 4204 745 4241 tur
761 4192 822 4240 nihil
837 4193 915 4241 dicere
929 4191 993 4240 aliud
1009 4188 1106 4239 voluisse
1118 4204 1197 4255 poeta,
1213 4208 1285 4255 quam
1296 4193 1321 4239 se

73 4246 114 4298 hue
128 4255 218 4320 ingenio
233 4258 335 4309 Bentleii
347 4261 441 4318 nititur,
457 4272 481 4309 et
493 4276 540 4307 non
552 4258 585 4309 est
597 4260 674 4309 neces·
706 4260 802 4308 natione
813 4258 909 4317 Italum,
919 4259 944 4307 in
957 4258 1024 4308 ltnlia
1032 4270 1125 4316 notum,
1135 4274 1183 4306 non
1192 4260 1217 4305 in
1227 4260 1322 4307 Gracia
1411 4263 1414 4267 “

75 4314 158 4370 larium.
175 4327 205 4373 G.
706 4328 868 4375 transmarina.
886 4330 917 4374 G.
958 4334 964 4349 '

106 4386 133 4434 28
145 4391 270 4456 QPedius
280 4394 401 4443 Publicola
412 4407 436 4443 et
449 4392 549 4443 Messala
558 4394 676 4443 Corvinus
741 4408 771 4455 33
792 4396 840 4461 Post
856 4398 944 4441 mediam
962 4400 1053 4449 nolim
1078 4391 1133 4441 Eiet
1152 4394 1191 4440 ul
1209 4394 1323 4460 sii-(taius

78 4449 178 4505 Oratores
192 4474 257 4509 erant
269 4462 343 4525 priori
358 4462 442 4510 saeculo
454 4460 560 4527 infigoes
587 4466 624 4509 Ita
636 4482 676 4509 ou·
708 4463 845 4523 ποιμιίητιι
861 4463 923 4514 idm
942 4463 1025 4527 litigas,
1046 4472 1072 4508 ut
1092 4459 1153 4508 belle
1170 4460 1322 4509 'l'lreoeritne

77 4524 111 4561 ress
124 4522 145 4567 hi
158 4544 170 4570 a
183 4528 434 4587 Gracisobhorruerunr,
448 4542 471 4577 rer
483 4530 580 4595 Mffrla
591 4534 675 4594 primur
708 4532 742 4576 Eo
760 4540 852 4593 tempore
869 4530 924 4575 Solis
943 4530 1054 4591 Phadique
1075 4531 1206 4575 Vati'cr'aa‘m
1226 4530 1323 4575 reborari

79 4582 216 4639 litiatoria
226 4596 676 4661 fixeritrxasvaodennetpfibmc‘l'e-
707 4596 836 4653 credederur,
850 4594 1184 4659 inquitLudovicttsCoelius.
1216 4594 1322 4659 Arigai-
1371 4636 1375 4642 ,

79 4656 153 4723 totius.
170 4659 309 4710 VeeSchol.
334 4666 406 4730 Qod
416 4676 439 4711 et
450 4664 612 4729 Qrintilianus
621 4679 678 4729 pro·¹
708 4662 726 4711 li
740 4662 827 4711 scilicet
842 4674 949 4720 cantum,
964 4678 1012 4726 quo
1027 4675 1134 4725 tempore
1148 4661 1227 4727 fugari
1238 4662 1322 4710 dicun·

77 4712 117 4761 dit.
143 4722 230 4774 Erravit
243 4728 316 4793 igitur
328 4732 364 4779 vir
376 4730 460 4779 (lodus
471 4732 608 4779 bodonicus
619 4731 677 4778 Des·
708 4742 748 4779 tor
759 4746 842 4779 manes
851 4745 968 4777 ranorum
979 4730 1125 4777 somniorum
1136 4730 1252 4780 auctores.

81 4794 205 4863 linitum
224 4796 327 4844 Andreae
347 4798 450 4845 Dacerio
467 4798 592 4845 crediderit
613 4796 676 4845 affir·
743 4812 775 4858 34
793 4799 983 4863 Infilvauligna
992 4800 1067 4861 serre,
1085 4795 1323 4846 Proverbiodicitur.

82 4854 216 4907 norithone
227 4861 291 4912 luisse
304 4863 380 4913 lilium
393 4865 479 4934 Qinti
493 4866 568 4924 Pedii,
584 4876 675 4915 etcum
708 4866 749 4913 To
764 4880 855 4914 cesar
870 4879 940 4915 coos
954 4880 989 4913 το
1003 4866 1185 4914 Nrwcesrtr.
