3167 5542
1 509 2 588 l
192 503 425 556 COMPENDIA
443 505 634 556 NOMINUM
654 503 697 555 IN
715 502 945 553 vnasmu
963 499 1181 552 merlonus.
1240 473 1310 548 XVil

64 643 157 712 loch.
173 649 302 717 Isoeheri
318 651 449 738 (jacobi)
466 674 557 737 qnam
569 653 699 738 Loscheri
715 673 822 716 vocare
839 652 913 716 solet
926 651 1100 715 Bentleiuo:
1120 646 1212 711 habui
1226 667 1244 709 e
1258 645 1311 708 Bi-

102 754 252 820 bliothe‘ca
267 757 365 844 Regia
379 759 601 822 Hannovcrano
615 758 799 843 benignitate
812 758 926 820 laudati
941 755 1068 830 Scheidii.

64 855 146 922 Mod.
170 861 405 926 Mediolanenfia
421 863 602 946 exemplaria
620 861 709 924 habet
726 861 912 927 Bibliotheca
926 861 1025 923 nostra
1038 859 1106 934 tria,
1120 876 1217 919 unum
1231 871 1319 937 opera

101 978 128 1024 et
147 966 270 1050 inpensis
289 967 417 1049 Philippi
434 968 592 1050 Lavagnie
610 967 682 1030 civis
701 965 915 1049 Mediolanenfis
932 989 1004 1026 anno
1020 990 1039 1025 a
1052 963 1143 1024 natali
1157 961 1313 1045 Christiano

101 1065 415 1132 Mcccchxxvu.
431 1073 512 1132 tertio
530 1069 581 1131 Kl.
600 1069 684 1132 Maii
699 1068 721 1130 f.
761 1071 901 1131 Alterum
919 1068 1010 1131 habet
1028 1067 1106 1130 hanc
1124 1065 1313 1148 subscriptio-

101 1191 194 1234 nem:
216 1174 252 1234 ln
270 1173 376 1260 officina
395 1177 498 1258 egregii
514 1175 627 1258 librarii
645 1174 763 1236 Antonii
778 1175 890 1236 Zorotti
904 1171 1064 1257 Parmenſss
1077 1171 1211 1252 impendio
1224 1170 1312 1230 Alex-

98 1275 188 1337 andri
202 1276 369 1344 Minuiaoi
380 1279 491 1362 Appuli
503 1278 536 1339 de
551 1273 650 1340 Santio
665 1279 764 1340 Seuero
777 1278 833 1340 hec
844 1293 924 1360 opero
935 1275 1094 1338 Mediolani
1105 1274 1227 1360 irnpreffii
1232 1274 1312 1356 fiant.

101 1379 188 1440 Anno
204 1405 223 1440 a
231 1381 381 1467 fhlmffero
400 1383 529 1465 Virginis
537 1394 627 1462 pastu
635 1381 713 1464 sexto
727 1395 753 1442 et
766 1379 913 1466 octogeſsmo
917 1381 1013 1464 supra
1023 1376 1191 1462 milleſsmum
1204 1391 1232 1437 et
1245 1401 1314 1460 quo·

100 1483 352 1568 dringentflimum.
366 1485 489 1572 ‚Quinto
500 1485 563 1546 idus
573 1485 619 1546 M
617 1487 716 1546 artius.
729 1483 782 1546 fol.
806 1483 1012 1547 Memorabilis
1022 1483 1065 1545 est·
1075 1479 1212 1565 praefatio
1222 1481 1315 1542 Alex·
1331 1523 1336 1537 .

101 1587 190 1649 andri
217 1587 384 1651 Minatiani
413 1591 463 1654 ad·
478 1587 733 1652 Bartholomaeum
762 1586 922 1664 Choicum,
945 1586 1110 1650 Ducalium
1131 1583 1316 1650 secretorum

101 1690 297 1776 Magistrum,
313 1694 393 1754 unde
406 1685 547 1778 ouaedam
562 1691 611 1755 hic
626 1713 832 1776 excerpemuo.
876 1691 994 1774 Scripta
1008 1689 1050 1752 est
1066 1692 1096 1750 ir
1109 1689 1180 1751 diali
1189 1711 1253 1748 arce
1262 1691 1315 1770 (an

100 1793 164 1856 hoc
181 1795 226 1858 est
244 1796 276 1856 in
294 1797 406 1880 palatio
424 1795 590 1879 Episcopali
602 1794 628 1878 i)
641 1797 736 1879 pridie
753 1796 817 1857 idus
835 1795 969 1857 Martios
986 1795 1071 1856 Anno
1084 1818 1103 1853 a
1117 1804 1180 1877 nato
1195 1791 1317 1857 Domino

101 1899 151 1962 M
150 1897 330 1962 CCCCLX
325 1900 367 1963 Χ
364 1899 433 1963 XV
431 1901 456 1961 o
495 1899 711 1984 Ppluhvnunt
723 1925 742 1962 a
757 1923 800 1961 me
813 1899 1070 1984 quidamstsperiori
1083 1919 1166 1972 anno,
1180 1909 1212 1956 ut
1222 1895 1318 1957 Flacci

97 2006 206 2066 libros:
228 2027 293 2090 quos
307 2007 396 2086 impre
414 2007 462 2066 uri
475 2017 557 2066 erant
570 2027 632 2066 aem
643 2004 754 2066 Acrone
767 2017 793 2065 et
808 2003 996 2088 Porphyrione
1009 1999 1216 2084 accuratffmis
1229 2003 1317 2061 inter·

95 2108 228 2190 pretibus
248 2107 407 2192 castigarem
417 2141 428 2178 ,·
452 2131 535 2190 quam
558 2109 667 2190 quidem
688 2107 983 2192 cessigotionem-non
999 2103 1255 2188 potui-Stephano
1271 2116 1318 2164 tuo

100 2209 520 2294 Cremonenst-derugore-et
534 2213 600 2296 quia
614 2213 665 2274 tibi
678 2213 707 2274 ob
722 2213 781 2295 ejus
789 2207 1181 2294 prudentiamſsngularesque
1195 2209 1318 2268 virtutes

97 2316 235 2400 corusgll
249 2313 660 2402 ascalonitis-Prosenim
675 2339 737 2376 cum
752 2338 866 2376 vererer
880 2312 949 2397 nest
957 2315 989 2375 id
995 2315 1107 2394 penitus
1117 2312 1316 2396 detrelieffem:

95 2421 259 2504 plurim
273 2420 306 2481 de
317 2419 456 2504 νήψατε
471 2418 612 2480 Oratiana
627 2420 700 2480 nobis
713 2419 872 2483 tolleretur.-
895 2420 924 2479 ob
938 2420 1116 2478 temerarium
1129 2429 1158 2480 et
1171 2417 1258 2478 veluti
1266 2417 1319 2500 fii·

96 2525 239 2606 crilegum
262 2523 402 2608 cniusdam
425 2535 570 2585 conatum:
592 2525 642 2605 qui
664 2519 855 2606 recentgffimas
878 2523 907 2581 iri
931 2521 1061 2582 Flaccum
1085 2523 1319 2602 interpretationes

96 2627 212 2690 edidit:
236 2625 378 2710 (Christo.
390 2625 563 2690 Landimm
578 2626 687 2710 tangit)
702 2626 735 2687 de
749 2627 847 2709 quibus
861 2623 995 2708 uerffme
1009 2624 1065 2685 dici
1072 2624 1155 2709 potfst
1168 2624 1201 2685 iel
1207 2624 1279 2707 quod
1287 2625 1320 2686 de
1394 2672 1398 2687 .

102 2732 225 2814 Rupilio
247 2753 310 2814 rege
332 2729 417 2815 nallrr
435 2732 526 2812 inquit
546 2727 665 2791 Oratius
684 2729 747 2791 Pus
764 2742 847 2812 atque
864 2752 999 2789 venenum
1017 2741 1075 2790 tom
1087 2729 1216 2812 sesffuum
1235 2753 1319 2811 quarn

101 2837 253 2900 veriorum
271 2835 355 2918 hujus
372 2831 571 2917 eminentffmi
588 2835 684 2894 natis:
707 2833 739 2894 id
754 2833 828 2916 quod
844 2830 895 2916 rifi
915 2831 1112 2918 Porphyrionis
1127 2832 1260 2894 antidotis
1274 2857 1320 2894 re·

96 2940 346 3028 preffumfuiffet:
368 2939 447 3000 breno
460 2950 532 2998 totus
546 2939 671 2999 contabui
689 2951 716 2998 et
732 2935 861 2998 Oratius.
896 2935 1015 3022 Quodni
1029 2928 1181 2998 dubitarem
1192 2951 1219 2998 te
1229 2941 1320 2999 maxi-

100 3048 164 3108 mis
179 3046 257 3106 curis
275 3042 428 3128 districtum
446 3041 563 3123 longiori
581 3039 685 3128 epplola
701 3042 838 3102 remorari
846 3067 856 3099 .·
878 3063 1113 3101 commemorarem
1127 3040 1173 3101 hic
1186 3042 1274 3102 multa
1289 3045 1320 3105 iu

98 3148 205 3234 qcsilus
221 3148 346 3230 egregius
365 3143 411 3206 ille
424 3155 571 3205 enarrator
586 3141 767 3228 basssrffmis
781 3144 943 3205 diliionibus
955 3157 1063 3227 poetam
1077 3143 1150 3205 hunc
1153 3145 1322 3232 fraudando

96 3256 215 3341 penitus
229 3253 371 3336 insanivit.
410 3250 508 3333 Itaque
520 3249 567 3311 hos
577 3249 659 3311 libros
661 3245 848 3334 studiosffme
857 3262 991 3334 quamum
996 3249 1052 3333 fieb
1063 3251 1141 3312 unico
1150 3251 1320 3333 exemplari:

101 3381 185 3444 eaque
197 3371 350 3438 temporum
365 3356 472 3440 irsJ'urio
487 3355 577 3438 suissi:
599 3343 829 3438 librariorumque
843 3357 953 3416 incuria
968 3353 1151 3441 mendoſsffimo
1165 3361 1322 3441 recognovi-

103 3486 179 3526 mus.
225 3461 362 3524 Cetaum
380 3456 511 3542 inprffs
533 3458 617 3534 libris,
636 3471 663 3519 et
681 3460 858 3544 recognitione
870 3462 938 3542 jam
955 3461 1096 3542 publicata
1117 3460 1219 3543 (Estne
1243 3461 1328 3538 haec,

103 3589 198 3654 quam
213 3565 249 3628 B.
265 3562 419 3634 Fabricius
434 3562 475 3624 ita
491 3575 649 3639 memorat,
658 3578 713 3644 per
726 3564 813 3625 Anto.
830 3563 978 3626 Zorottum
993 3565 1182 3651 Parmerffem,
1198 3565 1321 3652 impensis

103 3671 258 3758 Augustini
276 3667 386 3730 Maria
403 3667 518 3750 Conagi,
539 3667 667 3728 Mediol.
688 3671 780 3750 1485,
796 3665 849 3728 fol.
861 3666 888 3750 ?)
903 3671 980 3729 venit
992 3669 1034 3730 ad
1045 3693 1144 3737 marcus
1159 3695 1232 3732 meas
1245 3673 1321 3733 Por·

99 3779 199 3864 phyn'o
217 3772 331 3858 quidam
349 3767 570 3854 antiquffmus:
592 3771 673 3854 cujus
690 3785 754 3852 ope:
767 3771 901 3854 pleraque
918 3775 948 3832 in
966 3775 1063 3855 quibus
1077 3775 1259 3860 intelligendis
1272 3800 1322 3838 nec

94 3883 235 3969 frequens
256 3878 353 3938 lectio.-
376 3899 425 3936 nec
432 3875 567 3957 pertinax
573 3873 703 3959 studium
718 3875 766 3936 uel
778 3877 924 3939 minimum
938 3877 1092 3964 conferret.-
1107 3881 1204 3942 melius
1218 3884 1325 3966 corrigi

105 3985 287 4070 castigacione
299 3979 409 4064 paffent.
455 3975 562 4062 Quare
580 3991 613 4038 ut
628 3975 822 4068 amantgffimis
836 3982 890 4040 mei
902 3981 1014 4062 plenius
1030 3984 1202 4068 obstanrer:
1223 3985 1271 4048 hos
1284 3989 1322 4048 li-

104 4089 166 4150 hros
180 4087 247 4147 meis
251 4083 392 4168 sumtibus
408 4082 509 4141 itemsm
523 4079 716 4162 imprimendos
729 4085 850 4144 curavi.-
872 4087 1037 4166 atque-ita
1051 4086 1205 4171 eupoſstores
1218 4093 1248 4150 in
1257 4105 1322 4171 poe-

102 4205 139 4252 te
153 4187 328 4272 marginibus
341 4183 469 4272 collocavi
476 4216 489 4254 ,-
513 4183 641 4270 utfocile
653 4183 808 4272 cognituſst
821 4187 944 4247 mnibus
953 4215 963 4247 :
972 4189 1056 4270 ⁴quid
1062 4191 1140 4252 Acro
1149 4193 1219 4277 quid
1226 4195 1322 4255 erudi-

104 4309 151 4356 tus
165 4289 321 4375 Porphyris
328 4288 417 4372 fisper
430 4285 518 4347 cadoci
526 4286 663 4369 sentiant.
707 4287 744 4360 In
760 4287 821 4353 fine
835 4291 936 4353 denuo
951 4292 1064 4374 aliquid
1078 4291 1146 4355 bilis
1161 4295 1192 4356 in
1208 4297 1321 4360 Landi-

107 4416 181 4460 num
194 4409 226 4458 et
240 4393 320 4455 forte
336 4391 491 4474 Angelum
505 4387 689 4452 Politianum
704 4391 765 4456 est:
788 4393 824 4454 In
840 4418 895 4478 qua
908 4396 1017 4478 quidem
1028 4401 1204 4480 recognitione
1213 4425 1265 4462 non
1276 4406 1321 4463 in.

97 4500 181 4583 ficior
192 4497 285 4560 multa
299 4507 332 4556 ut
347 4497 377 4554 in
392 4493 541 4574 exemplari
555 4496 761 4576 reperiebantur
770 4496 903 4586 relipusse
912 4525 922 4559 :
944 4499 1089 4582 nescilicet
1097 4503 1188 4585 daniso
1196 4518 1249 4565 aut
1258 4529 1321 4568 mu-

107 4617 161 4664 rato
180 4603 235 4667 loco
257 4600 338 4682 rujm
351 4597 464 4682 sensum
482 4599 638 4680 ignorarem
660 4601 720 4682 ejus
742 4622 878 4683 arguerer
892 4602 1090 4682 impudentia.-
1112 4631 1167 4688 qua
1184 4609 1321 4688 plurimos

110 4705 189 4794 nostri
202 4704 333 4793 temporis
346 4704 425 4765 uiros
439 4703 536 4764 tonari
549 4702 684 4766 videmus.
708 4704 750 4768 illi
763 4707 836 4769 enim
850 4706 1013 4794 dumstulta
1025 4711 1146 4792 quadom
1154 4716 1255 4798 persta
1263 4739 1320 4779 cone
1446 4718 1452 4734 ⁴

998 4810 1021 4894 b.
