3167 5542
51 459 143 519 SAT·
163 459 199 515 r.
467 459 727 517 SERMONUM
749 459 835 516 ΗΒ.
855 460 883 514 1.

47 626 135 695 Tum
152 621 247 719 pueri
264 624 387 713 nautis,
404 624 516 721 pueris
533 624 686 698 convicia
702 640 816 696 nautae
850 630 856 641 ‘

47 742 209 838 ingerere.
261 746 295 840 sl
312 745 392 815 Huc
409 744 549 839 appelle.
602 748 635 841 sl
652 746 839 815 Trecentos
856 739 992 830 interim
1020 737 1107 815 ohe!

44 861 117 953 Jam
132 859 207 931 satis
225 857 282 931 est.
334 864 367 957 {l
385 862 482 931 Dum
499 842 545 933 ars
562 860 723 958 exigitur,
740 862 825 931 dum
842 861 937 931 mula
953 859 1091 958 ligatur,

44 978 128 1051 Tota
145 976 215 1049 abit
231 976 338 1049 hora:
365 977 445 1050 mali
461 978 598 1065 culices,
624 1002 784 1073 ranaeque
801 976 966 1072 palustres

43 1098 211 1167 Avertunt
228 1095 385 1167 somnos:
411 1094 582 1167 absentem
600 1112 637 1166 ut
654 1112 767 1168 cantat
783 1095 930 1169 amicam

42 1211 150 1282 Multa
166 1211 323 1306 prolutus
341 1236 450 1307 vappa
465 1228 582 1299 nauta,
599 1228 700 1308 atque
717 1211 827 1283 viator
884 1267 887 1271 .

43 1328 228 1399 Certatim:
255 1330 394 1401 tandem
410 1326 509 1401 sellus
525 1329 674 1402 dormire
691 1328 800 1401 viator

40 1445 179 1539 Incipit,
207 1470 248 1517 ac
265 1443 367 1517 milsae
384 1444 516 1541 pastum
533 1446 717 1518 retinacula
733 1447 838 1519 mula:

40 1562 151 1634 Nauta
166 1562 266 1660 piger
283 1563 363 1633 saxo
380 1563 512 1659 religat,
529 1560 701 1659 stertitque
717 1564 867 1658 supinus.

38 1678 180 1775 Jamque
198 1680 271 1751 dies
288 1680 416 1767 aderat,
433 1704 514 1750 cum
530 1681 578 1751 nil
595 1682 778 1775 procedere
795 1680 931 1752 lintrem

38 1796 234 1869 sentimus:
261 1797 370 1868 donec
388 1796 581 1869 cerebrosus
598 1797 726 1893 prosilit
743 1822 845 1884 unus,

38 1917 89 1985 Ac
107 1914 213 1985 mulae
233 1928 415 2008 nautaeque
432 1930 533 2006 caput
550 1914 750 2010 lumbosque
766 1913 895 2015 saligno

37 2030 131 2101 Fuste
148 2030 270 2102 dolat:
297 2046 418 2124 quarta
433 2030 492 2099 vix
508 2031 650 2101 demum
666 2030 872 2125 exponimur
889 2030 990 2101 hora.

37 2149 109 2219 Ora
124 2146 317 2242 manusque
334 2163 393 2217 tua
410 2146 566 2235 lavimus,
582 2147 738 2234 Feronia,
755 2133 907 2244 lympha.

36 2265 144 2338 Millia
160 2284 240 2339 tum
257 2265 368 2360 pransr
386 2264 449 2336 tria
465 2264 627 2359 repimus,
644 2282 746 2361 atque
762 2264 913 2337 subimus

37 2384 238 2478 lmposrtum
251 2382 338 2453 saxis
356 2382 422 2453 late
439 2381 659 2453 candentibus
677 2386 817 2453 Anxur.

68 2670 100 2709 11
114 2661 210 2727 lngeria
225 2663 283 2707 codd.
297 2662 336 2706 duo
350 2660 475 2707 land—r
478 2674 492 2719 5
507 2662 542 2707 Ut
558 2670 637 2707 cantat
650 2662 714 2706 ellam
727 2658 761 2707 H.
776 2660 806 2707 G.
818 2660 873 2707 Sax.
888 2662 984 2708 Z.-20
1001 2658 1043 2708 rol
1059 2674 1114 2708 tum
1131 2662 1187 2708 Sax.
1200 2664 1228 2708 G.
1241 2662 1273 2708 2.

99 2731 165 2776 Med.
179 2742 257 2789 1477.
268 2728 294 2774 V
291 2746 322 2774 err.
333 2740 404 2789 1479.
416 2730 502 2791 etsorte
512 2746 578 2774 amnas
589 2738 638 2774 aare
649 2729 701 2774 ΑΜ.
709 2732 772 2773 eliam
781 2729 811 2773 R.
821 2728 958 2792 ,steph-23
971 2729 1120 2793 Exponimus
1129 2732 1175 2776 call.
1183 2730 1273 2778 Sex·-

99 2808 131 2854 24
143 2796 268 2844 Lavimua
278 2795 341 2861 nfiri
351 2814 425 2842 omnes.
450 2794 568 2843 Lavimur
579 2796 651 2842 Benrl.
662 2798 713 2859 conj.
724 2805 746 2841 et
757 2795 851 2862 Heirfii.

67 2996 81 3045 9
97 2986 133 3031 Ἐι
148 2986 200 3036 illu
212 2982 306 3032 dicitur
317 2984 435 3046 caespeeram
443 3005 451 3035 ,-
467 2980 582 3047 fignificat
594 2981 657 3029 enim
725 2996 754 3042 15
774 2983 849 3031 Reete
868 2980 990 3031 Bentleiua
1004 2998 1033 3031 ex
1050 2980 1160 3047 plurimis
1174 2984 1257 3033 Libris
1271 2986 1309 3034 iu·

38 3064 121 3114 canam
138 3052 215 3100 visam
232 3047 304 3099 fuiffe
319 3049 361 3097 srbi
372 3050 443 3097 nimis
454 3048 579 3115 prolixam,
594 3049 658 3113 quod
691 3050 783 3098 terserit
795 3053 894 3113 absentem
906 3061 930 3097 at
940 3060 1019 3097 cantu.
1278 3064 1282 3086 ¹

39 3130 81 3163 uon
92 3132 115 3166 et
128 3120 177 3183 ipse
190 3128 302 3169 coenarct
313 3134 367 3165 una.
724 3118 788 3166 Bene
799 3129 881 3176 catat,
891 3118 1041 3181 subjeetum
1048 3122 1147 3182 prolatus
1159 3132 1241 3185 vappa.

70 3186 123 3249 Jarn
146 3208 190 3235 nox
211 3190 327 3239 inductur
353 3184 457 3233 suaviter
477 3184 570 3232 deridet
590 3184 657 3248 Epiri
726 3184 756 3233 16
777 3189 872 3251 Vappar
891 3190 941 3233 vino
952 3188 1144 3233 maloelevarrida.
1162 3189 1218 3235 vet.
1230 3187 1307 3236 schol.

38 3251 150 3302 Carminis
167 3254 318 3319 Scriptores,
334 3250 381 3300 five
393 3252 445 3299 hac
457 3252 487 3301 de
499 3254 540 3301 suo
552 3251 658 3317 protule-
726 3252 756 3301 18
768 3256 904 3309 naama,
918 3254 996 3300 charde
1007 3255 1083 3317 pullae
1092 3256 1150 3301 mala
1158 3264 1261 3303 traxerat
1267 3276 1308 3303 na-

39 3320 75 3375 rit,
85 3320 129 3369 live
142 3322 219 3370 verba
230 3320 279 3369 lint
293 3319 391 3383 alicujus
403 3322 491 3369 Poetae.
690 3340 745 3367 vem.
763 3322 820 3369 Vet·
833 3319 910 3368 schol.
923 3322 997 3384 Cruq.

69 3400 95 3435 11
114 3390 198 3438 Pueros
211 3388 276 3437 dicit
289 3388 416 3435 comitatus
428 3388 461 3435 lui
474 3388 558 3435 servos.
726 3402 756 3451 19
775 3391 854 3435 Narra
871 3393 894 3435 ia
909 3393 978 3442 mir
996 3392 1070 3436 viator
1080 3393 1119 3453 qui
1127 3391 1206 3436 malam
1216 3391 1308 3458 deeelad
1396 3418 1402 3423 ·

69 3456 189 3505 Canuleium
205 3457 242 3506 est
260 3454 326 3519 quali
338 3461 463 3513 convorram,
480 3464 506 3503 ut
523 3455 583 3504 bene
594 3455 658 3502 Tor·
691 3456 747 3503 Vct.
760 3454 838 3504 Schol-
1017 3514 1021 3523 Ι

37 3522 120 3571 tentius
131 3541 160 3573 ex
173 3524 297 3589 Ulpiano.
724 3525 799 3579 Sam
818 3522 892 3587 lapidi
902 3523 1029 3581 Termino,
1040 3534 1108 3587 pato,
1119 3522 1158 3572 rel
1166 3523 1243 3588 magia
1250 3524 1306 3572 mil-

70 3603 96 3639 12
114 3594 235 3657 Ingerere5
257 3592 289 3641 de
302 3594 441 3638 conviciorum
453 3590 555 3657 plarfiris
568 3590 658 3655 cogita·
691 3587 751 3638 lieri.

37 3653 80 3712 bat.
91 3670 113 3705 et
123 3660 292 3725 supplendum
304 3658 336 3707 est
349 3658 490 3706 extrinsecus
501 3662 609 3722 incipiunt.
726 3672 758 3707 20
774 3660 817 3705 An
835 3655 951 3723 mgnum
965 3669 1034 3721 putat
1047 3656 1167 3707 Bentleiur
1178 3658 1208 3706 de
1219 3678 1265 3707 eane
1276 3663 1311 3707 nil

70 3726 116 3771 Huc
131 3730 217 3792 appelle
226 3750 234 3781 ,-
259 3730 302 3773 huc
316 3729 402 3791 applica
418 3744 510 3780 navem
530 3727 597 3772 verba
604 3728 659 3788 fimi
690 3742 806 3790 reponere
817 3728 851 3773 nil
859 3746 914 3783 cum,
925 3738 949 3772 et
960 3726 1134 3789 de=ravtmus[v.
1145 3727 1309 3791 Μῃονίην,

36 3792 117 3856 alicujus
129 3816 155 3841 ex
161 3796 241 3858 servis
255 3798 289 3841 ad
296 3804 391 3841 nautam.
409 3794 464 3840 Vct,
478 3792 554 3841 Schol.
567 3793 640 3856 Cruq.
691 3810 719 3842 ex
737 3792 786 3842 sola
806 3791 898 3841 Heinsri
917 3792 1071 3857 conjectura?
1095 3796 1122 3841 ln
1142 3794 1209 3841 causa
1229 3792 1309 3843 luerat

69 3862 91 3905 V
89 3864 136 3909 erla
140 3866 196 3925 ficar
208 3873 285 3910 naute
297 3862 412 3923 irascentis,
423 3880 468 3907 curre
473 3862 546 3925 plures
555 3864 609 3907 naui
617 3865 657 3909 rm·
691 3862 767 3909 rarior
778 3861 900 3924 scripturo.

35 3934 141 3987 peruritur,
152 3950 219 3993 quarn
227 3934 352 3995 pepigerat.
371 3930 427 3975 Vet.
440 3927 517 3975 Schol.
598 3925 602 3934 ⁹
726 3942 754 3977 21
777 3930 914 3991 Cerebrrfirsr
934 3932 968 3975 cai
984 3930 1088 3976 cerebram
1098 3932 1169 3991 facile
1185 3933 1216 3976 ad
1229 3932 1309 3993 insani.

69 3994 127 4042 Oba!
147 4018 192 4044 vox
211 4000 240 4065 5st
251 3998 372 4059 filietatis.
395 3998 511 4043 Donatus.
545 3996 599 4043 Hoc
616 3994 658 4044 ad·
690 4016 725 4043 am
745 4007 847 4043 movetur.
871 3996 1020 4043 Torrentius.
1058 3996 1170 4056 absim,
1189 4002 1310 4046 iracundus.

38 4060 126 4109 notabat
140 4065 277 4128 Cruquiua.
691 4066 747 4112 Vet.
758 4063 844 4111 Schol)
871 4066 921 4131 Qi
932 4067 1030 4127 rarasfiao
1040 4066 1120 4129 confilio
1130 4067 1200 4112 larci.
1217 4065 1310 4114 Laudi-

70 4140 95 4187 13
115 4132 169 4189 AEs,
186 4131 211 4179 h.
225 4148 248 4180 e.
267 4133 363 4177 naulum.
381 4132 438 4178 Vct.
452 4128 529 4177 Schol.
690 4146 741 4179 nus.

68 4198 135 4244 Mula
153 4202 258 4265 ligatw
278 4201 337 4245 mula
353 4202 407 4245 enim
416 4202 525 4262 juupenda
542 4208 597 4254 erat,
613 4216 658 4263 que
725 4212 756 4247 22
770 4200 834 4246 Bene
843 4201 938 4263 siligne,
954 4215 1008 4247 eum
1017 4199 1042 4245 in
1051 4198 1177 4262 paludibus
1183 4198 1265 4247 effent.
1280 4200 1309 4248 B.

37 4273 103 4309 cantra
113 4285 191 4327 aquam
203 4270 322 4331 atropium
334 4267 435 4314 traherer.
454 4266 509 4312 Vet.
522 4264 599 4313 Schol,
690 4266 827 4331 Jueundum
847 4265 899 4319 ἔθος
917 4265 1032 4314 cerebrosr
1050 4268 1092 4329 qui
1110 4267 1201 4315 mulam
1213 4280 1237 4316 et
1249 4283 1308 4316 nau-

70 4342 97 4387 14
115 4334 190 4392 Mali,
207 4332 232 4381 h.
243 4350 266 4382 e.
286 4331 405 4395 pestiferi:
424 4332 506 4380 diritati
518 4332 550 4380 cll
563 4333 587 4379 in
600 4348 657 4381 voce
690 4347 740 4381 tam
753 4333 819 4381 nullo
831 4333 966 4382 discrimine
977 4334 1056 4381 habet.
1075 4338 1106 4382 G.

38 4400 90 4443 mali.
126 4402 206 4449 Galim
222 4403 363 4449 tintinnialar
379 4411 455 4447 vacant
470 4401 547 4463 plebeii
561 4419 576 4446 a
584 4402 657 4463 finita
726 4416 739 4449 2
742 4416 755 4461 3
770 4404 845 4458 Darat,
854 4404 914 4464 serit
925 4412 945 4448 el
952 4406 1056 4467 graviter
1063 4404 1169 4449 verberer.
1187 4400 1308 4450 Vetsdt.

40 4464 125 4513 alarum.
142 4470 200 4516 Ver.
213 4466 299 4517 Schol.
312 4468 386 4531 Cruq.
399 4469 426 4515 B.
452 4468 554 4519 rimu
567 4470 609 4515 Gr.
621 4468 657 4515 di·
692 4470 765 4533 Cruq.
793 4469 894 4516 Immani
906 4468 993 4516 scilicet
1005 4468 1067 4527 ielur
1084 4467 1179 4533 qualem
1190 4468 1252 4517 labri
1261 4469 1308 4534 lig-

40 4542 127 4581 cuntur.
147 4536 179 4584 Z.
517 4548 520 4553 '
691 4535 751 4585 narii
764 4535 861 4585 dolabra
873 4536 913 4583 sua
924 4536 1045 4601 infligunt.

70 4602 172 4665 Ranaeqpe
187 4604 319 4671 palrfiresr
344 4606 394 4667 quia
412 4604 439 4649 ab
458 4604 528 4667 Appii
545 4604 599 4649 Fara
613 4614 657 4668 per
725 4618 756 4662 24
768 4608 888 4658 Lavinium
908 4608 1013 4668 religionis
1024 4606 1094 4667 rarfir.
1111 4604 1261 4653 Torrentius
1279 4606 1307 4653 B.

37 4666 114 4723 palade
129 4676 261 4735 navigarat,
279 4688 333 4733 quar
346 4672 434 4734 paludes
454 4672 524 4733 Caesar
539 4674 656 4719 derivavit.
690 4674 797 4719 Lavimas
815 4683 883 4719 tanto
898 4672 975 4735 magis
989 4671 1141 4719 retinendum
1157 4672 1308 4736 putabamus,
1352 4672 1358 4693 ⁸

42 4730 90 4780 Ver.
102 4734 178 4785 Sclrol.
218 4736 326 4786 Paludes
340 4738 397 4785 dicit
417 4737 569 4800 Pomptinae:
589 4738 655 4785 navi·
690 4738 754 4804 quod
767 4738 843 4803 ipsum
854 4740 915 4802 saepc
927 4737 1073 4787 intransitive
1086 4738 1189 4801 ponitur.
1208 4742 1239 4787 G.

40 4800 99 4855 gotio
115 4818 195 4853 autern
212 4822 258 4869 per
271 4802 356 4851 sosium
368 4804 438 4869 hujus
449 4804 603 4856 derivationis
613 4804 655 4855 fie-
726 4810 808 4854 Fanum
824 4810 918 4854 Feronia
932 4810 954 4853 in
965 4810 1027 4853 terrio
1038 4810 1141 4854 milliario
1153 4808 1178 4874 ss
1189 4826 1204 4853 a
1218 4807 1307 4855 ‘Tarra-

41 4862 85 4923 bat,
95 4882 120 4919 ut
132 4886 160 4921 ex
172 4872 297 4922 Strabone
309 4872 409 4922 olleudit
422 4872 548 4937 Cruquius.
690 4878 752 4932 firm·
772 4876 814 4923 bac
830 4875 857 4942 est
875 4876 943 4939 Jaer's
960 4877 1060 4924 Anxuris
1078 4890 1139 4923 uxor.
1160 4876 1217 4925 Vet.
1228 4872 1308 4924 Senot
