3167 5542
419 445 470 516 ¹J.
490 443 532 496 u.
552 444 717 494 orsuear
737 441 952 522 ianuario.
1286 418 1323 492 ix
1425 485 1429 493 ,

116 591 181 656 Nec
195 593 282 656 valde
294 595 573 658 commemorabilea
587 595 730 680 putabam
745 597 821 658 ullae
835 593 1037 681 majestionee,
1048 613 1123 677 quaa
1133 591 1215 656 Dan.
1226 591 1327 656 Hein-

78 694 141 771 tiu,
155 709 187 758 et
202 697 348 762 Boivinua
361 709 393 760 et
407 718 469 760 non
486 699 660 783 itapridem
676 699 851 762 Aldrichiua
861 700 880 736 “
898 699 1063 762 commenti
1076 697 1158 774 sunt,
1177 697 1259 780 quod
1273 716 1326 780 ge-

78 821 130 863 nus
150 803 331 864 emendandi
349 815 418 864 turn
438 804 561 866 demum
577 803 728 886 probabile
744 803 789 878 fit,
805 823 878 866 cum
893 802 989 886 potest
1002 804 1079 864 ratio
1093 800 1326 886 perturbationis

77 905 120 966 vel
138 901 209 967 solii
225 905 315 968 uniua
332 905 502 989 pluriumve
519 907 707 993 trajectione,
725 908 773 968 vel
791 927 828 969 ex
849 905 1010 992 verborum
1028 907 1194 968 eorundem
1217 904 1328 988 repeti·

77 1007 156 1070 tione
171 1009 214 1072 ita
228 1011 307 1089 clara
321 1009 527 1100 demonstrari,
543 1023 577 1072 ut
591 1012 687 1075 ocuiia
702 1012 784 1073 cerni
798 1025 830 1073 et
843 1032 937 1095 prope
952 1032 1045 1072 manu
1059 1011 1154 1073 teneri
1168 1029 1216 1073 rea
1230 1008 1328 1092 pollit,

78 1115 229 1194 quomodo
244 1127 382 1176 euramm
398 1135 416 1176 a
430 1114 515 1178 nobis
529 1113 743 1178 Demosthenis
756 1117 930 1179 encomium
941 1107 1129 1198 Luciaqeum
1140 1113 1328 1178 arbitramur.

118 1218 170 1278 An
189 1215 251 1280 huc
272 1217 430 1282 referimus
449 1219 540 1282 etiarn
561 1219 642 1286 illam
662 1219 841 1294 Sanadonia,
862 1220 1005 1304 ingeniosi
1025 1219 1093 1282 sane
1112 1234 1203 1304 atque
1219 1219 1330 1281 eruditi

78 1319 218 1396 hominia,
236 1322 457 1411 ordinationem
476 1322 614 1386 Odarum
633 1321 765 1398 Horatii,
784 1345 866 1406 quae,
884 1323 998 1406 nequid
1018 1323 1100 1385 aliud
1122 1313 1268 1398 dicamur,
1282 1343 1330 1384 re-

78 1440 190 1510 pugnat
207 1447 271 1488 non
290 1425 373 1510 hbria
391 1427 483 1489 modo
501 1425 653 1502 omnibus,
671 1447 803 1509 quorum
822 1409 861 1488 ad
878 1447 935 1490 noa
952 1427 1098 1490 memoria
1115 1426 1262 1510 pervenit,
1279 1426 1337 1494 sed

76 1551 149 1592 cum
162 1530 279 1594 caeteris
295 1529 546 1612 Grammaticia†,
562 1545 628 1594 turn
642 1529 800 1607 Diomedi,
809 1531 864 1613 qui
877 1529 1163 1594 Prisciano‘eerteet
1177 1530 1259 1594 sexto
1277 1530 1332 1596 sae·

79 1637 147 1699 culo
164 1635 267 1700 nostro
283 1635 327 1698 est
345 1635 507 1719 antiquior,
525 1636 666 1720 idemque
680 1637 752 1700 odas
767 1657 873 1700 omnea
890 1649 988 1720 poetae
1005 1657 1043 1697 eo
1061 1635 1124 1719 ipso
1138 1636 1255 1711 ordine,
1269 1657 1333 1718 quo

80 1739 225 1802 habentur
244 1740 276 1801 in
288 1738 377 1807 libris
394 1726 513 1814 nostris,
531 1740 673 1802 recenset.
718 1738 845 1802 Poetam
864 1741 988 1823 quidem
1008 1739 1105 1822 ipsum
1123 1741 1223 1824 primo
1240 1738 1334 1803 libror

81 1859 138 1908 trec
155 1843 338 1919 carniinum,
356 1844 464 1906 deinde
485 1844 640 1906 intervallo
659 1845 750 1935 longo
769 1843 943 1926 interposito
958 1857 1100 1926 quartum
1114 1841 1247 1917 edidisse,
1260 1863 1332 1906 auc·

80 1961 125 2012 tor
138 1947 180 2022 est
195 1946 361 2032 Suetonius
376 1947 407 2009 in
422 1947 501 2010 vita:
523 1946 572 2010 eui
586 1947 630 2010 rei
644 1949 733 2031 plane
747 1945 900 2009 Sanadoni
915 1945 1086 2009 institutum
1101 1960 1258 2032 repugnat.
1401 2001 1407 2008 .

120 2053 182 2118 sed
196 2074 296 2137 operae
311 2051 442 2136 pretium
456 2051 510 2128 est,
530 2050 562 2114 h.
577 2071 604 2114 e.
625 2051 760 2116 studiosa
775 2051 907 2126 Horatii,
927 2051 986 2133 qui
1001 2051 1213 2117 Bentleianum
1231 2071 1334 2115 exem·

80 2161 145 2243 plar
151 2160 190 2220 ad
199 2177 308 2220 manus
320 2177 382 2219 non
396 2155 519 2230 habent,
531 2157 804 2232 accommodatum,
818 2155 891 2240 poni
901 2155 968 2238 post
979 2153 1057 2218 hanc
1069 2155 1278 2239 praefationem
1288 2157 1334 2220 lo-

79 2285 149 2326 cum
169 2264 322 2348 integrum
341 2281 378 2324 ex
399 2257 574 2344 praelatione
594 2259 650 2320 viri
673 2259 785 2348 magni,
807 2280 869 2344 quo
888 2273 1025 2344 tempora
1044 2259 1190 2323 librorum
1211 2247 1334 2340 Horatii
1361 2237 1365 2254 Ι

79 2369 208 2443 ordinat,
226 2369 343 2450 dequo
362 2363 421 2427 hoc
438 2377 519 2427 certe
537 2362 714 2428 confirmare
735 2365 862 2448 possum,
882 2385 941 2439 me,
963 2364 1037 2444 dum
1052 2365 1190 2451 recenseo
1205 2366 1334 2452 fingulaa

1 2465 2 2487 ¹
79 2471 216 2558 Eclogas,
231 2471 390 2556 diligenter
404 2468 569 2543 attendisse,
585 2467 680 2550 liquid
695 2467 764 2530 effer
778 2466 961 2531 Bentleiania
974 2483 1146 2554 temporum
1168 2469 1335 2536 rationibus

79 2575 248 2654 adversum,
266 2594 322 2636 nec
342 2571 564 2655 deprehendisse
584 2571 760 2654 quidquam,
776 2573 859 2654 quod
873 2585 1063 2634 momentum
1077 2573 1199 2656 aliquod
1213 2577 1251 2636 ad
1266 2596 1334 2638 eam

79 2681 272 2742 evertendam
286 2676 420 2752 haberet,
435 2677 505 2738 licet
520 2674 697 2758 quibusdam
711 2675 832 2759 liclogia
846 2655 908 2737 non
923 2675 1110 2768 improbabili
1126 2678 1239 2740 ratione
1255 2679 1334 2751 sorte

79 2799 201 2868 tempus
216 2783 307 2846 etiarn
323 2781 415 2856 aliud,
430 2779 580 2842 recentius
595 2778 769 2862 praesertim,
785 2777 871 2862 polht
886 2777 1020 2840 adscribi.
1064 2779 1114 2842 De
1126 2780 1257 2844 saeculari
1269 2805 1334 2846 car-

80 2889 162 2951 mine
180 2888 235 2950 suo
253 2888 322 2949 loco
341 2883 409 2948 satia
428 2883 557 2959 dilium,
577 2895 607 2944 et
625 2873 780 2944 laudatum
796 2883 952 2966 ingenium
967 2882 1128 2945 Sanadoni.
1172 2885 1263 2950 Possit
1278 2891 1332 2951 ali-

79 2994 147 3076 quis
165 2994 271 3077 drama
288 2990 371 3051 velut
389 2989 540 3071 quoddam
559 3009 620 3048 non
640 2985 770 3048 absimile
788 3001 947 3048 contexere
962 2985 1061 3068 exiis,
1076 3011 1146 3069 quae
1161 2990 1191 3050 in
1208 2991 1332 3055 Canidi-

79 3119 128 3159 am
144 3095 254 3180 scripta
270 3094 348 3168 sunt,
369 3093 388 3154 li
408 3094 515 3178 jungat
537 3090 634 3153 Serm.
656 3095 730 3152 1.·8.
752 3089 849 3172 Epod.
867 3110 896 3172 ς.
912 3105 943 3150 et
963 3109 1010 3172 ¹7·
1033 3093 1163 3174 denique
1178 3095 1280 3159 Carm.
1302 3119 1328 3160 r.

84 3205 130 3264 16.
147 3202 202 3285 qui
218 3198 279 3283 ipse
294 3197 369 3259 ordo
383 3217 419 3257 ex
435 3205 613 3284 argumento
627 3195 749 3256 elucens
769 3193 893 3276 pulchre
914 3189 1120 3258 Bentleianam
1135 3199 1172 3260 de
1187 3203 1330 3284 tempori-

78 3307 135 3372 bua
149 3304 329 3392 hypothesin
343 3301 511 3366 confirmat.

120 3413 203 3500 Qae
227 3406 326 3469 adhuc
345 3404 502 3488 disputavi,
522 3425 557 3466 ea
577 3404 614 3466 ad
634 3404 715 3464 illam
739 3403 801 3465 sere
820 3388 937 3486 pa'rtem
959 3404 1070 3466 consilii
1092 3407 1151 3467 mei
1171 3409 1333 3491 pertinent,
1372 3439 1376 3446 ·

78 3517 161 3600 quod
173 3512 263 3576 statui
280 3509 449 3574 conservare
461 3522 608 3590 quantum
624 3507 655 3568 in
671 3527 720 3569 me
734 3507 788 3582 est,
803 3507 924 3568 Horatii
938 3505 1038 3582 verba,
1053 3511 1249 3594 ordinemque
1262 3537 1333 3596 poe.

79 3635 210 3694 matum,
229 3629 264 3677 ut
282 3635 316 3676 ea
335 3633 371 3673 ex
390 3611 520 3694 antiquis
538 3610 619 3673 libris
639 3611 675 3672 ad
691 3631 746 3678 noe
761 3631 931 3693 pervenere.
976 3611 1011 3671 ln
1026 3613 1167 3675 varietate
1182 3617 1332 3694 leslionis,

79 3743 173 3808 quam
196 3721 321 3782 alteram
340 3717 442 3778 dotem
460 3713 599 3776 editionis
619 3713 726 3776 nostrae
745 3712 881 3775 volebam
899 3715 966 3788 elie,
986 3715 1112 3776 modum
1131 3716 1243 3782 servare
1261 3743 1332 3784 eum

77 3829 160 3892 volui
185 3823 339 3908 equidem,
363 3813 454 3903 quem
477 3819 627 3902 optimum
651 3817 726 3879 mihi
749 3818 854 3893 videri,
877 3818 965 3900 supra
988 3819 1126 3881 indicavi.
1170 3823 1331 3903 Notarum,

78 3932 190 4016 quibus
208 3949 244 3990 ea
263 3926 295 3986 in
315 3945 345 3986 re
366 3923 435 3985 usus
454 3922 530 3998 sum,
546 3921 776 4013 explicationem
792 3921 900 3982 deinde
915 3942 1037 4002 ponam,
1052 3937 1083 3984 et
1098 3926 1203 4015 eadem
1218 3931 1334 3994 indica-

77 4037 117 4100 bo
132 4033 245 4100 auxilia
260 4029 352 4114 hujus
367 4025 517 4100 editionis,
532 4045 697 4108 eorumque
713 4025 861 4086 nudiores.

110 4306 124 4332 ⁰
144 4303 195 4370 Qui
215 4303 286 4350 serm.
304 4313 327 4348 a.
345 4313 368 4360 3.
384 4296 453 4362 plane
471 4295 540 4345 aliter
556 4296 684 4354 cructavit,
694 4295 724 4343 ad
739 4296 806 4360 cujua
819 4307 925 4346 mentem
939 4311 967 4343 ea
977 4295 1059 4360 ecloga
1073 4296 1176 4361 expressa
1190 4297 1223 4346 est
1234 4297 1259 4346 in
1271 4298 1334 4346 ealce
1352 4356 1355 4360 .
1409 4369 1414 4379 Ι

1 4381 2 4384 ’
78 4371 226 4419 Buterianae
239 4367 354 4417 secunda.
383 4367 421 4412 De
433 4363 525 4411 Heinfii
537 4375 560 4412 et
574 4364 666 4411 boivini
679 4362 860 4412 conatibuavid.
872 4362 949 4410 Bentl
961 4363 990 4410 ad
1002 4363 1075 4427 Epist.
1087 4378 1109 4412 a.
1122 4379 1144 4412 a.
1156 4365 1195 4423 87.

109 4443 124 4498 †
142 4437 243 4502 Excipio
257 4433 334 4484 solium
350 4432 444 4480 Priscia.
463 4433 480 4478 1.
497 4445 534 4488 14.
549 4447 572 4494 p.
587 4445 643 4492 997.
658 4430 720 4481 med.
732 4429 773 4476 uhi
784 4429 870 4478 citatur
882 4431 967 4476 Horat.
980 4430 1003 4478 in
1018 4445 1029 4477 1
1045 4433 1098 4478 Car.
1111 4433 1193 4478 Ludere
1202 4451 1247 4478 can
1259 4435 1334 4479 vitulis

70 4507 148 4566 sautia
164 4505 333 4570 Preggtlr'entis5
352 4499 417 4563 quod
432 4497 464 4545 est
477 4499 531 4545 Car.
544 4513 566 4545 a.
577 4513 600 4556 5.
613 4511 636 4558 9.
672 4497 717 4544 Sed
734 4496 788 4544 licet
801 4496 834 4544 ita
844 4497 873 4544 fit
884 4497 957 4543 etiam
969 4498 993 4542 in
1004 4497 1114 4545 editionia
1125 4498 1221 4546 Aldinae
1233 4510 1257 4546 et
1269 4498 1332 4546 Bali-

79 4571 159 4618 licnses
174 4567 355 4634 amplamhue,
367 4581 418 4630 =non
433 4564 516 4612 dubito
530 4563 587 4627 quin
603 4563 710 4627 sphalma
723 4563 749 4612 fit
763 4561 799 4611 illi
810 4563 884 4612 sinrile
896 4563 959 4625 quod
977 4565 994 4610 l.
1006 4563 1032 4610 6..
1040 4581 1063 4627 p.
1076 4563 1131 4626 689.
1142 4565 1206 4612 med.
1218 4577 1336 4628 tanquam-

77 4653 104 4684 ex
121 4639 200 4702 primo
218 4637 307 4685 citatur
327 4633 408 4682 versus
420 4631 515 4678 Horatii
530 4633 584 4680 Car.
601 4645 622 4678 a.
639 4645 676 4689 ¹5·
694 4645 732 4690 14.
763 4633 835 4680 Nulla
848 4635 978 4697 decempedis,
993 4632 1039 4680 dte.
1055 4632 1118 4695 quod
1134 4632 1181 4703 ipse⁸
1202 4632 1333 4682 Pristim,

68 4691 195 4764 'mendae
207 4705 247 4772 qui
261 4706 280 4753 1.
293 4702 315 4753 8.
326 4717 350 4769 p.
365 4714 420 4762 794.
431 4715 466 4764 pr.
478 4697 558 4748 laudat
570 4700 695 4764 caſs-cundo.
