3167 5542
72 458 244 531 marn,
309 550 313 571 Ι
483 440 739 531 urrunnun
761 462 847 529 tm.
866 464 893 519 ι.
1235 463 1311 547 29¹

533 728 739 804 enninn
757 692 817 803 in.

205 922 248 976 m
266 917 603 987 OBTRECTATORES
622 924 672 973 ET
692 924 958 998 sunl-:amulum
978 926 1163 1006 sTo1cuu.

63 1059 128 1123 ,cm
142 1059 294 1143 ngenium
313 1065 352 1124 ‹n›
369 1062 501 1125 summam
518 1064 658 1125 lentam
677 1079 705 1124 et
723 1065 931 1127 inconstantiam
948 1069 977 1129 n
995 1071 1076 1130 unta
1089 1086 1118 1133 a
1131 1072 1213 1134 nnn
1224 1092 1316 1154 „epm
1392 1037 1395 1043 ’
1426 1096 1429 1102 ·
1447 1061 1452 1069 ·

94 1148 245 1221 hendisset3
265 1150 360 1210 transit
378 1150 441 1214 inde
460 1152 495 1211 ad
513 1150 720 1230 vituperandam
738 1155 963 1217 consuetudinem
981 1159 1121 1236 pessimam
1134 1162 1213 1221 istam
1225 1177 1255 1221 et
1267 1164 1315 1221 ad-

96 1236 207 1295 modum
221 1237 361 1319 vulgarem
374 1235 441 1295 vitia
454 1237 496 1296 vel
510 1236 636 1295 levillirna
650 1238 764 1298 aliorum
779 1242 888 1301 acutior
900 1240 1061 1302 observandi
1075 1260 1104 1303 et
1117 1246 1241 1306 acerbius
1254 1266 1316 1324 per·

96 1317 249 1400 stringendi.
291 1322 414 1401 AEquiue
431 1323 480 1393 est,
499 1322 602 1401 inquit,
622 1322 642 1384 fi
660 1327 700 1397 ob
720 1325 836 1386 virtuter
853 1331 969 1407 majore·
986 1329 1053 1389 vitia
1069 1331 1171 1391 leviora
1188 1331 1317 1391 suuntur
1387 1369 1395 1377 -

94 1402 207 1469 lenitere
228 1410 323 1480 veluti,
343 1410 363 1469 fi
380 1410 442 1489 quir
462 1410 501 1469 eli
518 1410 685 1479 iracundior,
704 1427 754 1493 aut
770 1416 830 1491 ejue
845 1415 917 1473 odor
929 1412 1020 1487 minue
1040 1431 1137 1495 gratur
1154 1418 1193 1477 est
1205 1416 1319 1481 mobile

95 1498 179 1557 acutia
193 1498 320 1568 aliorum,
337 1498 426 1557 autin
441 1498 518 1557 cultu
533 1492 658 1576 cor'porie
672 1512 700 1556 et
715 1498 814 1575 vellito
827 1520 926 1579 parum
941 1499 1052 1579 elegant
1065 1503 1220 1583 reperitur3
1241 1502 1318 1560 idem

95 1577 164 1641 sorte
182 1583 222 1643 est
240 1582 280 1641 vir
296 1586 397 1654 bonus,
416 1582 468 1643 tibi
486 1582 599 1651 aniene,
620 1597 648 1641 et
666 1583 777 1665 ingenio
796 1606 898 1665 magno
917 1585 1067 1663 preditus:
1089 1586 1238 1666 prasertim
1252 1609 1319 1647 cum

96 1668 209 1731 lortaffie
226 1672 298 1733 vitii·
317 1684 379 1744 tute
396 1672 454 1750 ipse
470 1670 588 1744 laborer,
606 1672 658 1731 sire
678 1694 695 1732 a
715 1686 814 1734 natura
830 1674 916 1733 insitis
933 1675 986 1733 lire
1000 1694 1017 1733 a
1029 1676 1101 1735 mala
1118 1675 1319 1737 consuetudine

94 1758 250 1819 contratlia.
290 1758 399 1843 Qodfi
417 1758 556 1819 imitamur
573 1772 727 1819 amatorum
744 1755 792 1819 aut
811 1775 958 1839 parentum
973 1781 1090 1834 morem,
1108 1764 1158 1843 qui
1176 1762 1242 1822 vitia
1255 1782 1318 1822 cor·
1404 1759 1408 1767 ⁴

93 1844 164 1921 ponii
178 1843 326 1905 amicarum
344 1858 374 1903 et
389 1844 508 1905 filiorum
522 1859 672 1905 extenuant
691 1859 719 1904 et
733 1838 851 1921 eleiant,
869 1837 939 1904 ade'o
953 1860 985 1904 ut
998 1868 1100 1927 parcus
1113 1848 1194 1911 nobit
1207 1849 1318 1925 dicatur

92 1928 175 2009 frugi,
189 1930 270 1994 nimie
284 1929 391 1989 sedulus
404 1944 433 2010 et
447 1932 550 1990 ardelio
563 1944 677 1991 vocetur
690 1932 843 1991 amicorum
857 1929 1001 2002 studiosus,
1015 1936 1204 1995 vehementior
1212 1934 1241 1992 in
1251 1954 1319 1992 con·
1333 1952 1338 1967 ¹

91 2018 179 2097 gressu
197 2032 228 2077 et
245 2018 367 2078 sermone
384 2017 497 2088 liberior
516 2021 651 2079 habeatur
668 2018 726 2079 ‹loli
743 2010 841 2097 expeto
853 2034 884 2091 et
896 2021 1054 2099 generosus,
1072 2022 1187 2099 pronior
1198 2022 1236 2081 ad
1248 2020 1319 2087 iram

91 2122 118 2163 et
135 2108 231 2189 jurgia
251 2120 409 2166 numeretur
432 2109 506 2167 iuter·
526 2106 680 2179 animosoa3
704 2108 759 2167 hoc
779 2106 868 2187 magia
888 2109 925 2167 ad
945 2109 1094 2169 amicitiam
1115 2110 1320 2188 conciliandam

91 2194 356 2271 conservandamque
374 2194 456 2264 valet,
476 2214 559 2273 quarn
580 2193 598 2251 fi
617 2207 715 2252 contra
734 2192 850 2251 virtuter
867 2192 1020 2253 amicorum
1037 2193 1065 2252 in
1084 2194 1151 2254 vitia
1169 2197 1319 2271 detorque·

92 2300 167 2339 mus:
190 2278 252 2339 liv.
266 2302 296 2360 g.
316 2282 420 2359 probus
437 2294 553 2340 vocatur
570 2278 681 2339 humilia
699 2292 728 2339 et
746 2282 890 2359 abjectum
910 2295 1019 2351 cautus,
1033 2280 1176 2359 stupidue3
1196 2284 1319 2361 prudent
1340 2280 1344 2289 “

92 2380 118 2437 et
131 2366 251 2449 diligens
263 2364 291 2423 in
305 2367 432 2427 carendis
445 2366 557 2434 insidiis,
571 2366 654 2425 finue
666 2378 696 2423 et
709 2364 832 2436 astutum
850 2385 906 2423 non
919 2366 984 2426 satia
997 2382 1095 2427 cantur
1108 2368 1209 2445 etqui,
1223 2382 1319 2445 quem·

89 2454 241 2513 admodum
255 2473 310 2531 ego
324 2454 404 2532 sepe,
418 2452 465 2512 sed
479 2452 534 2511 line
545 2452 705 2521 offensione,
716 2450 903 2528 'Maecenatem
919 2451 1074 2531 intemello,
1093 2452 1211 2512 amicum
1224 2452 1319 2533 legen·

91 2554 146 2599 tem
167 2557 218 2603 aut
238 2530 420 2601 'meditantem
442 2540 563 2600 sermone
584 2560 640 2598 non
661 2538 806 2599 necessario
828 2539 994 2617 interpellat,
1018 2540 1146 2599 molestor
1166 2541 1269 2599 dicitur
1288 2554 1318 2598 et

90 2626 178 2687 sensus
198 2629 355 2689 communio
373 2648 479 2707 expete.
520 2626 594 2685 Cum
614 2644 694 2683 nemo
709 2622 764 2683 fine
776 2624 850 2683 vitiia
862 2626 915 2695 sita
935 2626 1070 2703 probetur
1088 2625 1121 2694 ia,
1137 2627 1186 2705 qui
1200 2624 1321 2684 minimis

92 2712 128 2769 ell
142 2714 273 2783 infectus,
291 2730 320 2775 et
337 2716 406 2775 alter
418 2711 530 2774 alteritu
543 2711 615 2770 vitiis
628 2710 763 2790 ignoscat.
806 2711 837 2770 Si
851 2712 934 2781 enim,
950 2733 986 2770 ert
1000 2711 1133 2773 sententia
1147 2712 1319 2793 Stoicorum,

91 2818 140 2859 nos
156 2802 252 2862 caeteri
271 2801 363 2861 sumna
379 2800 465 2872 stulti,
483 2818 534 2857 nec
548 2819 564 2855 a
578 2796 650 2857 iitiia
663 2798 742 2857 hlreri
760 2797 812 2867 effe
829 2798 986 2876 pollumur:
1009 2818 1059 2857 cur
1071 2820 1126 2859 non
1140 2798 1232 2877 sumna
1245 2800 1319 2875 aqui

89 2888 206 2963 judiees,
221 2904 249 2949 et
264 2910 360 2968 poenae
372 2885 493 2969 peccatie
506 2884 624 2962 aquales
636 2883 790 2964 irrogamus
801 2884 812 2943 l
824 2885 898 2944 Nam
912 2887 931 2943 si
945 2883 1052 2943 insanus
1062 2885 1190 2957 habetur,
1203 2886 1252 2965 llui
1266 2886 1320 2944 ser-

93 2992 155 3031 vum
169 2978 208 3035 ob
228 2975 355 3053 tepidum
369 2976 416 3053 jue
433 2971 608 3051 degustatum
629 2971 704 3031 cruci
723 2966 832 3049 affigit;
853 2991 943 3029 nonne
956 2969 1066 3049 gravius
1081 2970 1119 3032 est
1132 2971 1253 3031 amicum
1265 2993 1320 3049 pro

88 3056 139 3115 levi
152 3082 248 3121 errore
262 3060 346 3120 odille
364 3074 392 3117 et
410 3058 517 3139 sugere.
560 3058 638 3117 Istud
651 3057 724 3117 enirn
739 3056 911 3126 Stoicorum,
928 3056 1021 3115 omnia
1034 3071 1149 3136 peccata
1166 3058 1218 3117 else
1231 3057 1319 3135 paria,

90 3148 255 3207 convellitur
269 3169 286 3207 a
301 3158 398 3207 natura
412 3165 513 3214 rerum,
528 3144 604 3205 sensu
618 3142 760 3222 cujusque,
774 3142 831 3221 ipsa
845 3144 965 3203 utilitate
979 3143 1118 3202 communi
1132 3160 1161 3205 et
1174 3144 1320 3205 consuetu-
1434 3158 1438 3166 ’

90 3230 152 3291 dine
167 3232 350 3313 populorum.
391 3224 444 3291 Ad
459 3246 612 3291 extremum
627 3230 699 3289 ridet
713 3228 874 3289 Stoicorum
887 3228 997 3300 fastum,
1010 3230 1059 3307 qui
1072 3230 1221 3310 sapientem
1230 3232 1318 3312 solum

88 3320 231 3397 jaslabant
246 3320 299 3380 else
310 3318 422 3380 divitem
433 3330 461 3376 et
471 3339 576 3399 regern,
590 3332 620 3377 et
630 3316 698 3376 dicit
709 3316 736 3375 se
747 3316 827 3375 malle
840 3316 893 3375 elle
905 3316 1019 3389 slirlnun
1031 3332 1061 3377 et
1073 3320 1221 3397 privatum,
1234 3339 1318 3397 quam

89 3419 151 3465 cum
167 3400 276 3487 Stoicis
289 3404 381 3487 sapere
395 3416 424 3462 et
437 3420 561 3495 regnare.

56 3544 252 3647 Onmrns
271 3572 338 3643 hoe
354 3570 476 3643 virium
492 3567 539 3641 est
556 3568 763 3659 cantoribus
779 3568 868 3655 inter
883 3570 1009 3676 amicos

55 3684 101 3757 Ut
117 3710 299 3787 nunquam
315 3687 478 3761 inducant
495 3686 648 3759 animum
665 3703 801 3758 cantare
817 3688 950 3783 rogati3

54 3800 158 3900 lnjuffi
176 3828 360 3901 nunquam
377 3802 541 3875 defistant.
593 3802 720 3874 Sardus
737 3800 884 3876 habebat

50 3916 110 4011 ¹Ille
125 3922 295 4021 Tigellius
312 3920 390 3992 hoc.
442 3920 569 4007 Caesar,
588 3917 649 4013 qui
666 3942 788 4014 cogere
804 3915 922 4012 pollet,
1002 3913 1006 3919 ’
1378 4019 1382 4028 Ι

55 4036 87 4106 8ἱ
102 4056 230 4131 peteret
249 4062 309 4134 per
326 4036 508 4109 amcitiam
525 4034 627 4129 patris
645 4052 746 4128 atque
762 4033 870 4120 luam,
887 4058 960 4107 non
1295 4070 1332 4139 ς,

55 4152 249 4258 Qnicquam
265 4154 460 4249 proficeret:
487 4151 513 4227 fi
529 4148 739 4236 collibuisset,
757 4150 801 4221 ab
818 4174 885 4234 ono

87 4431 98 4463 1
117 4420 192 4484 Supra
212 4421 258 4485 (ad
275 4422 325 4469 Sat.
344 4434 365 4467 1.
377 4433 401 4468 a.
415 4420 451 4481 3.)
468 4418 612 4467 ostendimur
626 4417 672 4475 Ti·
735 4418 799 4465 Inter
808 4420 899 4470 anam
918 4414 1074 4479 supplendum
1085 4416 1228 4480 extrinsecus
1238 4419 1280 4483 effi.

55 4482 149 4543 gellium
166 4488 269 4537 Horatii
285 4488 399 4537 Carmina
414 4498 441 4535 ut
452 4501 537 4551 parum
549 4484 672 4550 modulata
736 4497 750 4545 3
770 4484 843 4545 Hune
861 4484 938 4547 ipsum
954 4482 1087 4547 Tigellium
1103 4484 1176 4532 etiarn
1193 4484 1279 4533 Cicero
1295 4484 1322 4534 in

56 4550 241 4614 repreherrdille3
260 4546 326 4619 &ciui
342 4547 436 4619 injuria
448 4552 525 4601 adhue
536 4568 630 4601 memor
641 4552 671 4599 ele
704 4549 816 4615 Epistolir
827 4553 954 4615 patriasua
961 4551 1119 4616 pestilentiam
1130 4555 1187 4598 ficit.
1216 4553 1247 4599 Et
1258 4554 1321 4599 Liri-

57 4616 263 4671 Obttedatorlbue
277 4620 373 4670 asturus
388 4621 484 4668 initium
496 4618 526 4667 ab
539 4620 581 4667 isto
593 4619 672 4667 sumit.
703 4624 750 4665 niue
770 4618 861 4681 (inquit
880 4619 935 4664 Vet.
948 4616 1038 4678 Schol.)
1055 4621 1080 4664 de
1098 4618 1229 4682 Hermogene
1244 4636 1320 4683 agenr:

56 4682 172 4747 Significat
188 4700 274 4739 autern
288 4688 427 4753 perversum
439 4686 509 4751 liujus
520 4686 624 4735 hominis
635 4687 672 4733 in·
704 4687 771 4733 Sardi
784 4685 865 4749 ‘Tigelli'
872 4688 969 4749 peridem
979 4695 1042 4748 caper
1053 4689 1118 4743 eruit.

56 4752 146 4812 genium
159 4753 207 4804 iton
220 4755 303 4803 minue
313 4754 370 4807 Arei
382 4752 429 4803 sua
441 4770 513 4818 quam
525 4754 609 4819 patriae
619 4755 672 4801 Sar·
737 4766 754 4810 4
771 4754 814 4799 Ille
825 4751 855 4799 ad
868 4750 995 4815 Emphasrn
1008 4750 1084 4813 posuit
1097 4750 1237 4804 nobilitatis.
1255 4754 1321 4821 Qe-

54 4816 121 4867 ‹liniae
147 4822 239 4871 deberi,
274 4820 396 4871 Elevando
420 4833 502 4871 antem
521 4819 672 4872 Muficorum
695 4820 720 4887 ſs
729 4824 754 4866 de
765 4830 810 4866 roto
820 4821 877 4866 nere
888 4820 936 4867 Ille.
953 4820 1010 4865 Vct.
1023 4818 1100 4866 Schol.

58 4883 219 4959 Pruseffionem
234 4889 360 4942 Caeneum
371 4887 457 4958 posuit.
564 4886 566 4891 '
738 4898 753 4947 5
765 4888 858 4944 Protin
871 4885 930 4934 Diei
941 4884 1008 4950 julii,
1019 4886 1086 4949 cujoe
1097 4885 1122 4936 in
1134 4886 1258 4937 comitatu
1270 4884 1320 4936 sue·

1032 4970 1058 5017 T
1069 4970 1086 5035 ij
