3167 5542
57 428 166 498 ter.
184 435 223 494 vr
481 431 738 493 enrnorrun
760 433 846 490 aru.
865 431 913 488 rr.

53 601 114 673 Ut
133 599 224 698 legat
240 594 370 670 orabit}
396 597 546 669 multum
561 597 684 669 Nasica
699 612 837 694 negatas
1000 686 1004 692 Ι

52 712 220 809 Accipiet
236 714 387 801 tandem,
403 729 437 785 et
453 712 573 785 tacitus
590 713 701 811 leget3
727 711 943 808 invenietque

53 814 120 905 Nil
139 831 201 904 srbi
218 831 382 929 legatum,
397 847 520 924 praeter
536 829 682 923 plorare,
698 828 839 924 suisque.

53 949 153 1021 Illud
169 948 212 1020 ad
229 947 304 1019 haec
316 947 446 1043 jubeo,
472 943 593 1016 mulier
609 945 634 1015 fi
650 943 739 1016 sorte
754 943 871 1015 dolosa
947 951 951 961 ’

55 1059 260 1138 Inlrertusve
275 1063 388 1134 senem
404 1061 550 1133 delirum
567 1077 744 1155 temperet,
760 1059 825 1131 illia

56 1182 220 1255 Accedat
235 1178 367 1252 socius:
393 1179 523 1266 landes,
540 1176 685 1249 lauderis
700 1193 739 1248 nt
755 1176 894 1248 absens:

56 1301 217 1397 Adjuvat
233 1296 299 1370 hoc
316 1319 477 1391 quoque,
502 1293 559 1368 sed
574 1292 678 1365 vincit
695 1294 797 1390 longe
813 1291 905 1388 prius
920 1289 1030 1386 ipsunt

56 1417 274 1513 Expugnare
289 1428 412 1508 caput:
438 1411 558 1484 scribet
572 1410 662 1489 mala
677 1408 828 1481 carmina
842 1408 984 1481 vecors?

56 1533 243 1606 Laudato:
268 1527 429 1600 scortator
445 1525 533 1600 erit?
558 1549 640 1597 cave
654 1541 688 1596 te
705 1541 825 1622 roget:
854 1524 945 1622 ultro

56 1649 259 1742 Penelopen
274 1642 379 1718 facilis
395 1641 518 1738 potiori
534 1641 640 1712 trade.
691 1643 725 1736 sl
740 1638 899 1727 Putasne,

57 1764 210 1839 Perduci
225 1761 434 1858 poterittam
450 1757 543 1856 frugi
558 1775 696 1854 tamque
712 1756 848 1851 pudica,

58 1888 182 1990 Qpam
197 1878 357 1974 nequiere
372 1875 468 1971 proci
482 1875 577 1948 teilo
592 1873 760 1969 depellere
776 1870 900 1945 crnsu?

60 1988 93 2094 sl
112 1996 219 2069 Venit
235 1993 326 2066 enim
342 2015 508 2090 maguum
520 1988 670 2062 donandi
685 2013 786 2084 parca
798 1990 972 2085 juventus,

58 2117 137 2187 Nec
155 2102 292 2186 tanturn
308 2107 449 2182 Venerit
465 2123 633 2202 quantum
649 2103 792 2178 studiosa
808 2104 956 2194 culinae,

62 2233 118 2304 Sic
134 2229 199 2304 tibi
215 2226 385 2320 Penelope
400 2222 493 2321 frugi
508 2221 578 2295 est:
605 2247 683 2318 quae
699 2223 724 2293 sr
741 2220 842 2294 semel
860 2243 931 2294 uno

63 2348 120 2419 De
135 2347 214 2419 sene
230 2339 371 2442 gustirit
387 2354 501 2413 tecurn
517 2336 639 2433 partita
655 2337 832 2426 lucellum,
901 2391 916 2444 '.

64 2465 117 2538 Ut
134 2463 241 2549 canis,
257 2485 279 2532 a
294 2459 388 2531 corio
403 2479 582 2552 nunquam
598 2451 835 2548 qbsterrebitur
852 2451 967 2526 mtto.

98 2718 130 2772 79
142 2708 220 2759 Venit
231 2709 326 2767 (mlta
336 2706 377 2837 eps)
386 2705 451 2762 enirn
463 2701 567 2771 Penelopa
578 2719 681 2771 magno:
700 2699 804 2756 donarii
815 2707 842 2774 est
847 2717 874 2772 p.
884 2710 900 2755 t.
912 2709 965 2755 Sin.
977 2707 1049 2773 Baſsus
1060 2712 1119 2773 apud
1127 2711 1213 2757 Lauri.
1231 2709 1293 2766 ven.

101 2777 114 2800 ⁸
130 2773 336 2910 ΐδξιιάἱμηω
364 2775 436 2822 Μ.
456 2773 541 2830 Venit,
551 2773 623 2822 Enim
634 2792 685 2822 vera
695 2778 720 2821 id
726 2773 857 2839 magnum!
868 2778 922 2822 ἕνη.
932 2774 1035 2841 Tarfiasl.
1047 2777 1114 2844 Epss.
1125 2781 1155 2824 ad
1164 2779 1293 2825 Middlerrr.

68 2973 103 3024 bie
112 2976 213 3026 senibus.
231 2979 263 3026 G.
296 2976 372 3041 Igitur
386 2973 506 3040 ingeniose
517 2974 588 3038 pnite
598 2973 682 3021 ratici-
713 2973 779 3036 quod
791 2973 862 3022 nimir
876 2973 987 3038 putidum
999 2973 1100 3026 ridetur.
1130 2973 1281 3025 Notiliimum
1293 2976 1327 3026 est

68 3043 117 3090 nari
132 3043 199 3093 illam
212 3039 330 3092 Tiresiam
344 3042 444 3101 inducit,
457 3053 485 3090 ut
501 3037 570 3090 simul
585 3041 682 3107 egregie
714 3040 843 3090 Horatium
859 3041 932 3090 modo
948 3041 1003 3101 hoc,
1019 3043 1092 3091 modo
1109 3041 1151 3092 illo
1167 3043 1240 3092 modo
1255 3044 1328 3092 decli-

68 3105 176 3159 laudetur
185 3109 317 3174 nugnstru
335 3111 366 3158 Z.
712 3124 777 3156 nare.
811 3107 920 3156 Putidior
934 3110 1006 3158 etiam
1018 3110 1113 3158 videtur
1127 3109 1169 3158 isla
1186 3111 1328 3160 Emendatio

100 3177 194 3226 Precera
206 3174 285 3236 nimir,
296 3193 339 3226 net
350 3176 404 3236 satie
415 3169 499 3242 lepida.
527 3167 537 3177 ⁵
685 3167 690 3176 ⁸
714 3174 824 3233 Bentleii,
837 3177 862 3223 V
859 3179 901 3224 enit
912 3181 964 3224 eninr
976 3177 1110 3242 (indignam)
1119 3181 1207 3226 donandi
1213 3183 1329 3244 parcaje-

101 3241 131 3303 65
152 3247 283 3302 Menaeis,
297 3243 357 3297 bene
375 3244 405 3292 de
419 3259 499 3292 avaro.
518 3241 546 3291 B.
580 3245 682 3291 Metam
713 3253 795 3299 vertas,
803 3259 847 3306 pro
855 3262 951 3308 magnum
960 3247 1055 3302 donared,
1064 3260 1135 3308 quam
1144 3245 1263 3294 neminem
1272 3259 1329 3310 pro·

70 3311 157 3369 reddere,
167 3313 209 3376 qui
218 3327 267 3360 non
278 3310 337 3360 solet
344 3310 452 3369 reddere,
459 3321 523 3360 certe
532 3311 683 3374 nonsolr'dm,
713 3309 824 3358 buturum
836 3309 889 3358 scio.

71 3375 100 3422 de
115 3393 171 3440 quo,
188 3377 206 3428 ti
225 3391 278 3428 toto
295 3377 434 3427 defraudare
450 3393 499 3426 nou
516 3375 600 3442 posset,
619 3389 682 3427 certe
747 3379 826 3424 Facilis
836 3381 917 3443 potiori
930 3381 1004 3426 erade:
1024 3377 1107 3426 Facilis
1121 3394 1207 3442 pronun
1218 3379 1251 3428 esl
1263 3378 1327 3428 obse·

73 3457 233 3510 quamcunque
244 3443 386 3509 particulam
394 3445 524 3494 abraderet.
545 3445 646 3492 Metam
655 3456 683 3493 ut
714 3444 783 3508 quio:
801 3444 872 3492 Trade
878 3447 966 3510 potiori,
978 3445 1002 3494 la.
1009 3462 1029 3494 e.
1041 3446 1180 3496 commenda
1192 3445 1266 3494 veluti
1275 3447 1329 3512 dig-

74 3508 125 3556 Car.
137 3525 159 3558 a.
171 3527 194 3561 a.
206 3527 228 3573 7.
247 3516 278 3560 G.
713 3512 805 3559 uiorern
816 3511 865 3560 illo.

105 3577 186 3628 Sasu
194 3572 205 3632 ι’
215 3577 296 3637 adem,
306 3578 353 3629 lire
365 3589 443 3629 toturn
453 3579 576 3629 debiturn:
589 3577 604 3627 s
640 3594 683 3627 no·
748 3591 778 3638 77
796 3581 888 3627 Perdrcr'
902 3573 932 3628 ad
947 3577 1045 3638 crimen,
1061 3581 1123 3628 unde
1139 3582 1276 3629 Perdunorrs
1291 3581 1328 3629 di·

74 3656 154 3717 'frum
165 3641 301 3696 tabularum
315 3645 471 3714 [testamenti]
484 3594 640 3714 prostituelie
654 3645 683 3698 fi·
714 3658 808 3704 cuntur,
819 3640 941 3696 lenonibus
953 3646 1024 3695 etiam
1036 3648 1133 3712 pejorea
1151 3650 1182 3694 G.

74 3705 135 3757 liam.
749 3713 780 3773 78
794 3713 869 3777 Curfir,
879 3713 998 3778 proposito
1009 3715 1079 3762 vitre:
1097 3730 1152 3761 narn
1164 3714 1213 3763 vita
1225 3714 1328 3764 curricu-

106 3776 137 3824 66
156 3781 233 3840 Gener,
246 3779 277 3830 fic
291 3792 316 3830 et
330 3781 400 3848 supra
411 3783 435 3829 S.
446 3795 469 3830 1.
481 3795 503 3831 2·
515 3779 555 3838 64.
569 3779 649 3830 Vellr'u
660 3785 683 3829 r'rr
714 3777 765 3828 lum
776 3779 822 3828 est:
835 3801 849 3828 a
860 3783 968 3846 dfiipsr'ra
978 3801 1066 3829 moram.
1083 3777 1231 3830 Vct.'Schol.
1244 3783 1318 3848 Cruq.

76 3841 148 3957 Fusa
160 3849 303 3914 Sallaegener.
588 3902 590 3905 ,
749 3860 780 3910 79
789 3847 857 3897 Nihil
868 3847 937 3912 plane
947 3849 1020 3896 causae
1029 3849 1109 3896 videre
1118 3847 1218 3914 possum,
1226 3863 1268 3897 cnr
1276 3855 1331 3899 orna

123 3925 138 3971 9
150 3915 249 3973 Pinare,
265 3917 372 3978 olpa'ssur:
391 3917 426 3963 ita
436 3915 500 3964 eninr
513 3913 600 3963 Grati.
715 3915 782 3963 nium
799 3913 915 3963 librorum
932 3916 1116 3964 consentientem
1134 3915 1261 3965 ledlionem
1275 3933 1331 3966 mu-

107 3975 206 4040 Sllsl'tr
225 3983 259 4031 nil
270 3982 334 4030 eninr
345 3982 473 4046 reliquerat
488 3974 531 4048 ips
542 3995 634 4032 aurata.
715 3993 766 4030 tare
777 3999 836 4046 opue
847 3981 881 4030 lit.
904 3983 1030 4032 Satificum
1041 3999 1183 4047 oxymornm
1190 3996 1260 4048 parca
1269 4004 1332 4052 reag-

110 4054 140 4099 70
150 4048 210 4094 Illud
216 4054 247 4096 ad
254 4052 305 4108 ier,
315 4051 370 4097 Hoc
381 4050 482 4114 insuper.
714 4069 764 4096 num
775 4049 833 4113 qnid
844 4053 1039 4115 donandijrvenrr'r.
1060 4053 1120 4098 Sunt
1129 4051 1236 4100 homines
1245 4051 1331 4101 libera·

110 4110 175 4171 Just!
185 4115 226 4178 qui
236 4116 338 4165 fidenter
348 4116 388 4165 dat
400 4114 529 4166 consilium.
715 4115 749 4164 lea
763 4115 886 4181 promiffis,
898 4117 982 4182 nugiv,
998 4117 1064 4182 parci
1079 4118 1120 4166 ubi
1132 4135 1247 4183 magnum
1261 4120 1332 4182 quid·

111 4187 138 4232 7¹
152 4180 257 4242 Libetur,
267 4184 419 4248 dispensator.
715 4184 771 4232 darn
782 4185 936 4248 exspedtatur.
953 4185 1000 4234 od.
1011 4191 1038 4242 Σ,
1050 4199 1105 4248 290.
1116 4199 1257 4234 enarrantur
1268 4187 1331 4234 dona

114 4244 227 4310 Teupna,
234 4255 264 4298 ad
271 4253 384 4299 arbitrium
387 4255 452 4315 stram
460 4263 527 4318 regor.
543 4253 599 4300 Vet
609 4251 685 4301 Sehol.
715 4267 851 4314 procorum,
868 4267 920 4314 qnae
932 4252 1037 4308 tandem,
1051 4253 1166 4316 prasente
1179 4253 1229 4316 jam
1242 4253 1333 4318 Ulysse,

84 4304 152 4372 Cmq·
169 4313 295 4380 Tanquam
306 4319 383 4367 sraeno
393 4319 486 4371 scilicet.
715 4318 765 4366 assu
776 4318 856 4366 elicuit
868 4317 897 4366 ab
909 4318 955 4366 illia
965 4317 1090 4383 Penelope.
1108 4323 1139 4368 G.
1242 4347 1247 4354 -
1348 4361 1355 4367 .

114 4387 143 4431 72
155 4381 218 4430 Mire
221 4385 300 4446 serius,
307 4386 453 4450 subjedlurue
460 4389 684 4453 vr'rrciletrxpaguat:
749 4382 847 4434 Comice
865 4385 964 4450 protulit
982 4405 1079 4451 nagnam
1097 4393 1141 4450 'pro
1158 4387 1240 4450 magni
1260 4387 1333 4452 pretii

85 4444 198 4494 tentorii
209 4449 261 4500 sunt
272 4452 297 4500 in
307 4452 381 4501 bello.
716 4453 816 4512 donum,
827 4453 865 4500 rel
877 4451 940 4515 quod
953 4451 992 4500 illa
1003 4453 1084 4518 magni
1095 4451 1191 4501 saceret.
1209 4455 1238 4502 B.
1265 4457 1332 4504 Enr'n

115 4519 142 4566 73
157 4515 227 4563 Vrrcir
235 4541 243 4571 ς
257 4517 358 4583 praestat
717 4519 820 4568 refertur
835 4521 864 4568 ad
878 4518 977 4584 ellipsin,
992 4535 1058 4569 more
1074 4523 1224 4580 Graerorum,
1240 4525 1333 4590 Nares}

116 4584 146 4631 74
158 4578 231 4643 Caper,
241 4585 316 4648 ipsum
327 4587 414 4645 senem,
426 4589 557 4635 Patronum
568 4586 663 4636 scilieet.
716 4592 809 4634 mirum:
827 4607 885 4644 nam,
898 4589 945 4636 &a
964 4589 994 4634 Z.

118 4650 145 4698 75
159 4646 227 4707 tum,
238 4663 278 4701 tua
289 4653 420 4711 voluntate,
430 4670 478 4702 non
489 4667 594 4718 rogatur.
751 4653 783 4703 82
797 4654 901 4720 Gqfldrr'r,
912 4654 947 4702 uti
959 4653 1022 4702 canit
1032 4653 1062 4703 de
1074 4655 1195 4704 cadavere.
1220 4657 1284 4703 Nam
1295 4655 1334 4704 lu·

113 4705 147 4778 ,7⁶
159 4713 277 4781 Penelopam
288 4720 366 4784 posuit
379 4722 498 4770 Bentleiua
508 4737 552 4784 pro
565 4723 688 4786 Penelopen,
717 4719 751 4768 cri
762 4720 838 4769 bonne
849 4719 882 4768 esl
894 4733 918 4770 et
929 4721 988 4769 odor
1001 4733 1025 4770 et
1036 4721 1104 4786 sapor
1115 4739 1143 4770 er
1152 4739 1177 4770 re
1187 4723 1299 4786 qualibet.
1311 4727 1314 4734 '

88 4775 120 4816 ²²²¹
135 4787 186 4828 mox
202 4784 313 4853 Penelopa,
331 4786 442 4840 affectato
459 4787 545 4839 seilicet
563 4788 687 4847 AEolismo,
752 4787 782 4850 83
796 4789 821 4838 Α
830 4792 893 4849 corio,
904 4789 1081 4850 Proverbialiter.
1097 4787 1239 4842 Vct-Schol.
1257 4798 1333 4839 Χαλι-
