3167 5542
649 386 696 465 Q
714 376 911 445 nostru
935 385 1093 443 nascer

740 672 931 771 saman
953 669 998 743 x.

521 880 525 889 ·
556 854 598 915 ni
617 864 779 919 mannos
798 868 946 917 aucun
966 867 1178 917 rauronss.

246 1016 319 1076 Cum
332 1011 485 1075 Horatium
499 1017 536 1075 ob
550 1037 591 1087 ca,
605 1040 665 1097 quae
682 1018 771 1079 Satira
786 1036 883 1097 quarta
896 1023 931 1078 de
945 1019 1048 1079 Lucilii
1061 1018 1133 1077 vitiis
1146 1016 1311 1085 ostendent,
1324 1016 1455 1093 quidam
1468 1016 1508 1075 ola

283 1106 454 1171 trettatores,
474 1103 501 1161 in
519 1104 562 1163 his
580 1106 696 1164 maxime
711 1106 881 1176 Demetrius,
901 1106 1105 1187 Hermogenes,
1124 1104 1256 1164 Pantilius
1269 1120 1298 1162 et
1314 1104 1463 1173 Fannius,
1478 1104 1508 1159 vi

283 1190 467 1268 tuperalsent:
490 1190 612 1249 defendit
631 1192 685 1269 hic,
695 1192 768 1249 suam
784 1192 943 1251 sententiam
958 1193 1120 1270 uberiusque
1134 1191 1264 1269 explicat,
1281 1190 1453 1258 ostendens.
1469 1212 1508 1269 gt·

231 1264 237 1279 ¹
284 1298 335 1333 nus
348 1275 456 1335 dicendi
471 1276 657 1345 Lucilianum,
671 1292 854 1355 praeterquam
869 1281 944 1358 quod
959 1279 1047 1338 minus
1060 1282 1141 1339 breve
1155 1278 1231 1346 esset,
1243 1278 1353 1336 varium
1371 1283 1505 1356 etjucun·

283 1362 361 1430 dum,
374 1362 446 1420 idem
460 1386 570 1442 quoque
584 1366 621 1427 ob
636 1367 717 1422 verba
731 1366 832 1427 Graeca
852 1366 977 1425 immixta
990 1367 1128 1445 impurum
1141 1366 1203 1427 elle.
1244 1364 1360 1449 Qodfi
1381 1367 1507 1424 nonnulla

283 1448 311 1507 in
327 1448 419 1507 Ennio
433 1450 636 1528 reprehenderit
656 1450 801 1521 Lucilium
822 1452 889 1511 nihil
902 1468 1003 1523 omre,
1021 1476 1078 1531 quo
1091 1452 1181 1510 minus
1195 1453 1276 1530 ipsius
1288 1450 1362 1509 vitia
1378 1470 1505 1512 notennn

282 1539 318 1595 ab*
332 1536 395 1595 alio.
436 1536 624 1597 Veruntamen
638 1539 843 1617 quodammodo
857 1540 1040 1600 excusandum
1054 1541 1105 1599 elie
1119 1539 1260 1599 Lucilium
1274 1540 1312 1598 ob
1325 1560 1441 1610 aevum,
1458 1558 1505 1616 quo

284 1622 400 1693 vixerit3
421 1623 495 1701 quia,
515 1625 533 1681 st
553 1646 625 1683 nunc
644 1625 755 1697 viveret,
772 1626 889 1687 sortaffis
905 1626 1026 1689 limatius
1038 1627 1249 1707 diligentiusque
1262 1627 1327 1687 esset
1342 1626 1503 1707 scriptume

286 1710 436 1781 Caeterum,
455 1710 531 1771 addit
549 1712 697 1784 Horatius,
715 1714 800 1775 semet
817 1716 905 1794 ipsum
918 1733 1080 1777 contentum
1094 1719 1156 1789 elie,
1173 1720 1193 1776 li
1206 1719 1301 1797 paucis
1314 1717 1413 1795 iisque
1426 1715 1506 1805 dodi·

284 1797 440 1857 hominibus
460 1798 546 1879 (quos
564 1812 660 1878 gratus
676 1799 814 1879 recenset)
834 1802 881 1860 sua
898 1806 1080 1880 probarentur
1097 1805 1219 1885 scriptu
1237 1819 1335 1867 contra
1354 1806 1387 1866 se
1402 1803 1503 1865 minam

282 1904 389 1954 curare,
402 1883 470 1963 quid
483 1884 644 1945 Demetrius
657 1898 686 1945 et
699 1884 837 1966 Tigellius
851 1890 885 1947 de
898 1888 950 1948 illis
963 1890 1090 1950 sentiant.
1547 1869 1549 1902 Ι

340 2121 488 2206 Lucam,
505 2119 651 2217 quamſss'
667 2122 835 2217 mendosw,
852 2126 926 2215 teste
941 2124 1058 2197 Catone
1086 2096 1089 2110 Ι

340 2236 511 2333 Day‘ensare
526 2252 576 2307 tuo
586 2241 785 2330 pervincum,
802 2244 858 2338 qai
873 2242 1064 2337 malefacias

339 2352 519 2423 Emendare
528 2352 767 2450 paratmersus.
817 2354 886 2425 Hoc
900 2358 996 2427 lenius
1012 2358 1077 2442 illa,

229 2482 236 2503 '
340 2468 398 2560 Est
413 2494 471 2567 quo
488 2473 544 2538 vir
558 2470 685 2539 melior:
712 2470 797 2565 lange
798 2470 948 2565 subtilior
962 2474 1026 2561 illo,
1047 2534 1052 2541 .
1121 2492 1127 2507 ·

340 2586 411 2677 Qui
419 2585 552 2689 ¹multum
562 2602 646 2678 puer
661 2599 692 2653 et
707 2586 779 2655 laris
795 2588 969 2680 etfunibui
981 2585 1052 2659 udis

340 2699 549 2785 Exhortatus,
566 2714 601 2769 ut
616 2698 684 2795 affe!
699 2717 780 2794 apem
796 2704 952 2798 quiferre
959 2707 1060 2798 poilis

340 2812 491 2910 Antiquis
501 2814 596 2909 pulset
610 2817 862 2910 contrafqliidia
878 2819 994 2908 nostra,

341 2929 621 3002 Grammaticorum
637 2936 772 3028 equitum
788 2932 983 3030 doslffmm'.
1025 2925 1070 3007 Ut
1086 2936 1210 3006 redeam
1225 2938 1309 3007 illuc.

246 3192 312 3255 Hos
330 3191 420 3251 verim
437 3192 520 3251 habet
537 3191 650 3251 Zarotti
666 3191 765 3270 prima,
784 3206 814 3251 et
830 3192 916 3251 altera
929 3190 1047 3253 Medios.
1066 3196 1151 3271 1486.
1165 3194 1212 3253 cui
1224 3162 1347 3273 adjunffl
1361 3194 1458 3262 Acron
1469 3198 1491 3243 tl
1547 3161 1549 3296 l

285 3278 472 3359 Prophyrion,
489 3298 541 3356 pro
559 3276 732 3337 Horatianis.
774 3278 919 3337 Landinus
937 3280 1032 3358 rejecit
1049 3283 1164 3359 eosjam
1179 3278 1258 3339 Flor.
1274 3282 1361 3355 1482.
1381 3280 1410 3338 in
1423 3294 1493 3335 anno·
1547 3321 1549 3398 1

283 3367 428 3435 tationem,
443 3362 549 3424 causam
563 3363 733 3433 interserens,
748 3366 825 3441 quod
835 3365 936 3426 Acron
951 3365 1065 3443 incipiat
1079 3364 1197 3425 Satis-am
1210 3367 1246 3425 ab
1259 3364 1306 3425 illo
1320 3366 1401 3425 versu
1411 3365 1492 3437 Neai!
1547 3402 1549 3448 j

283 3453 444 3539 incompojlta.
495 3450 528 3508 In
552 3448 776 3510 annotationibus
798 3475 909 3533 quoque
931 3452 1047 3511 retulere
1068 3452 1174 3521 Aldus,
1199 3450 1304 3510 Bened.
1328 3452 1490 3527 Philologus.
1547 3497 1549 3550 Ι

285 3540 445 3609 Asccnfiua,
459 3536 624 3606 Lambinus,
638 3536 788 3614 Cmquius,
806 3538 978 3620 Rutgetlius,
989 3536 1123 3620 interpres
1133 3536 1278 3615 Delphini,
1289 3538 1437 3598 Dacerius.
1463 3532 1488 3588 ln

285 3627 428 3687 codicibus
442 3648 490 3685 eos
503 3624 622 3703 antiquis
636 3618 723 3694 fiune,
738 3623 861 3687 fatentur
874 3648 978 3687 omnes.
1018 3626 1114 3686 Aldus
1127 3624 1252 3705 agnoscit
1265 3626 1354 3685 stilum
1371 3619 1489 3686 Horatia-

285 3734 370 3773 num:
393 3712 437 3772 H.
457 3712 611 3773 Glareanus
631 3711 672 3769 vel
695 3712 810 3774 Horatii
830 3714 881 3773 else
902 3713 952 3784 ait,
972 3712 1014 3772 uel
1035 3713 1114 3773 srmiae
1136 3712 1260 3771 Horatii.
1302 3710 1343 3772 G.
1361 3708 1489 3773 Fabricius

283 3801 359 3878 quafi
373 3799 441 3857 nihrl
454 3798 593 3857 dubitaret
606 3800 640 3857 de
656 3800 767 3859 audone
778 3800 806 3859 iu
816 3799 1040 3880 castigationibus
1050 3801 1085 3857 ad
1095 3799 1212 3868 versum,
1225 3814 1351 3869 annotat,
1366 3802 1488 3860 Catonem

284 3885 401 3965 intelligi
415 3884 566 3955 Valerium,
580 3884 698 3945 nobilem
715 3886 937 3947 Grammaticum
949 3900 978 3945 et
992 3885 1128 3947 Criticum
1144 3887 1264 3966 (dequo
1279 3887 1379 3945 Sueto.
1395 3908 1419 3945 c.
1436 3874 1488 3952 ιι.)

281 4143 296 4179 a
309 4129 394 4179 Nescio
406 4146 448 4177 cur
458 4114 560 4194 defirffore'
569 4135 601 4177 tui
610 4129 677 4178 malit
686 4129 817 4179 Ascensius.
829 4134 860 4179 G.
925 4131 940 4180 8
957 4134 1038 4197 Jungo
1051 4118 1486 4193 Grannaticorunaquitrq‚ctputol1¹‘

280 4213 297 4255 4
314 4198 416 4247 Subtilior
435 4196 549 4255 callidior,
569 4198 674 4257 astutior,
692 4212 735 4261 pet·
750 4198 861 4255 ironiam,
891 4197 962 4246 dibrii
974 4199 1042 4247 causa
1053 4198 1086 4246 ita
1097 4195 1211 4260 appellari
1224 4197 1347 4261 juvenem,
1363 4196 1406 4258 qui
1417 4196 1487 4257 Μ’
1547 4257 1549 4264 Ι

247 4266 340 4315 Catone
352 4264 384 4314 est
396 4262 436 4313 ille
448 4280 507 4328 puer
519 4276 587 4313 atate
600 4278 623 4313 et
636 4266 740 4329 ingenio,
752 4265 793 4327 qui
805 4282 861 4313 cau·
890 4266 972 4313 marici
984 4265 1132 4329 provinciam
1142 4262 1189 4312 illis
1199 4264 1272 4311 armis
1282 4263 1345 4311 tueri
1356 4262 1436 4315 senet,
1447 4266 1487 4316 Ψ·

245 4332 296 4381 sam
311 4331 377 4380 illam
391 4331 447 4381 loris
458 4344 483 4381 et
494 4332 590 4381 suasibus
601 4332 774 4381 defendendam
786 4334 860 4382 susce·
890 4332 934 4380 bus
946 4334 1008 4380 circa
1018 4332 1059 4380 illa
1070 4343 1179 4395 tempora
1191 4331 1276 4380 Cicero
1287 4328 1349 4377 silius
1356 4332 1421 4393 paeri
1427 4319 1485 4387 suti*

246 4399 290 4465 pst.
309 4402 338 4447 G.
676 4448 679 4454 ,
893 4401 953 4466 Cestii
964 4402 1138 4463 coriosolirfccit,
1152 4410 1179 4445 ut
1190 4408 1270 4446 namt
1282 4398 1370 4444 &neca
1382 4392 1485 4443 suasos-l·
1547 4393 1549 4428 !

280 4480 296 4525 5
308 4466 449 4529 Legendum
456 4478 513 4532 puer
522 4468 548 4535 fi
558 4469 776 4515 laris-Exornaeas.
794 4466 862 4515 Post·
893 4466 976 4531 Qtid?
989 4465 1007 4514 st
1019 4466 1123 4513 minatus
1132 4464 1210 4513 suerat
1222 4463 1326 4512 Horatio
1334 4461 1377 4526 ipfi
1386 4462 1487 4517 hittqlm

245 4533 309 4581 erius
328 4532 373 4581 hoc
395 4534 445 4597 jam
468 4534 594 4597 suspicatus
617 4535 649 4581 est
670 4546 752 4581 acutus
771 4534 810 4582 vir
827 4535 860 4581 H.
892 4531 1086 4582 Grammaticus?
1104 4532 1188 4597 Qrid?
1205 4530 1321 4595 sspudore
1333 4530 1435 4593 quodam
1445 4519 1483 4568 ΗΟ·

247 4595 385 4648 Glareanus.
419 4601 548 4649 Exornavit
560 4602 583 4649 se
595 4602 667 4649 armis
676 4601 777 4665 juvenis,
789 4617 860 4665 quem
891 4601 964 4649 ratius
981 4611 1053 4649 aetate
1071 4599 1216 4662 provedior,
1233 4598 1273 4649 vel
1291 4597 1371 4655 amici,
1390 4597 1432 4644 hoe
1444 4584 1485 4636 ⁰⁸⁰

246 4667 334 4731 tangit,
353 4678 376 4715 et
395 4669 484 4716 malurn
503 4669 607 4716 minatus
620 4668 652 4717 est
668 4668 707 4715 rel
720 4668 786 4719 dedit
801 4670 860 4718 adeo
891 4667 1016 4731 uersiculos
1027 4665 1155 4717 sustulere?
1172 4668 1204 4715 G.

246 4731 292 4792 his,
303 4734 342 4799 qui
354 4735 418 4789 secus
429 4734 540 4787 sentitent
553 4735 582 4784 de
594 4736 694 4786 Lucilio.
713 4738 742 4785 G.
