3167 5542
213 401 269 478 viii
577 431 607 498 J
626 429 668 480 Μ.
687 429 853 480 ossuum
872 387 1089 486 ιιιιιιιιιιο.

216 571 285 634 dem
303 591 365 634 non
380 572 534 660 abrogant,
551 575 695 676 quamdiu
710 597 772 639 non
791 577 897 639 dicunt
914 589 1015 659 aperte
1032 563 1240 658 repugnantia.
1283 567 1345 632 Sed
1358 565 1468 630 videno

215 685 266 736 tur
287 674 438 740 interdum
460 699 637 766 repugnare,
659 701 738 762 quae,
760 679 976 762 circumspesta
998 679 1054 740 rite
1075 677 1159 740 omni
1181 669 1443 746 circundantes
1435 689 1470 742 m

215 781 407 844 concordiam
422 770 539 866 possunt
555 783 648 868 redigi
663 804 711 860 eo,
727 798 761 846 ut
776 784 808 844 in
823 783 952 859 musteis,
964 783 1188 868 jucundiorem,
1199 778 1288 864 quod
1283 765 1404 840 habent
1414 775 1473 844 ali-a

216 884 290 968 quid
305 906 446 982 pugnae
433 887 603 950 admistum.
646 887 716 950 Tali
730 889 844 973 ὅξῖιμςι
858 910 920 952 ιιοιι
934 888 1086 952 observata
1107 886 1206 952 sraudi
1222 885 1309 949 suere
1326 901 1470 946 nonnun·

215 1007 309 1070 quam
328 951 465 1053 Rentleio
479 991 521 1052 V.
543 990 579 1054 C.
600 990 696 1055 Serm.
719 1012 749 1056 a.
771 1015 801 1077 ς.
819 1014 870 1077 79.
891 1007 921 1055 et
945 1013 1014 1076 ¹03·
1058 991 1092 1056 Si
1111 990 1186 1076 quid
1200 1005 1302 1064 autem
1317 987 1352 1052 fit
1365 987 1472 1060 etiam,

216 1093 300 1174 quod
319 1115 337 1154 a
356 1094 460 1156 vitiosa
479 1089 675 1181 repugnantia
694 1097 818 1161 liberare
839 1119 900 1160 non
923 1097 1039 1181 possim,
1059 1118 1121 1159 non
1141 1096 1209 1158 ideo
1223 1113 1310 1158 urere
1324 1107 1354 1156 et
1369 1091 1468 1153 secare

216 1195 298 1272 lieet,
314 1217 375 1259 non
390 1199 507 1282 grassari
523 1200 554 1260 in
569 1199 670 1277 fibros,
685 1216 720 1263 ut
735 1201 766 1262 in
781 1202 996 1286 discipulorum
1011 1199 1101 1283 pensa
1116 1200 1189 1263 solet
1203 1195 1388 1262 emendatrix
1403 1214 1469 1254 ma·

218 1321 276 1362 nus
300 1302 508 1386 praeceptoris:
530 1302 580 1366 sed
605 1304 658 1366 nisr
684 1305 723 1366 ita
748 1306 858 1381 mollis,
883 1305 924 1366 ita
944 1304 1068 1388 liquida,
1089 1304 1130 1366 ita
1152 1304 1242 1376 clara,
1264 1301 1306 1362 ita
1326 1298 1415 1362 unica
1434 1297 1474 1374 sit

218 1389 404 1480 emendatio,
420 1407 507 1489 plane
528 1407 572 1469 uti
591 1406 727 1472 dubitare
747 1408 863 1472 homini
885 1430 987 1471 rerum
1007 1408 1103 1491 perito
1125 1427 1187 1470 non
1203 1406 1301 1480 liceat,
1316 1399 1471 1464 modestia

219 1507 326 1572 nostrae
345 1522 376 1571 et
394 1508 542 1574 bonorum
563 1511 707 1576 librorum
728 1513 890 1598 integritati
905 1513 1005 1597 potius
1021 1513 1062 1576 ita
1076 1511 1278 1587 consulamus,
1295 1508 1375 1571 utin
1390 1527 1475 1572 mara
1506 1531 1513 1538 ·

218 1613 299 1698 gine,
314 1613 388 1696 quid
402 1614 488 1678 nobis
502 1615 648 1692 videatur,
664 1617 841 1681 indicemus.
864 1621 868 1628 '

262 1717 335 1793 Dici
354 1738 414 1782 non
434 1719 541 1802 potest,
563 1741 653 1803 quam
670 1719 756 1784 facile
773 1723 807 1785 srt
821 1721 871 1785 hic
887 1720 961 1800 salli,
976 1721 1046 1798 labi,
1063 1741 1254 1804 corrumpere
1269 1719 1351 1802 quod
1365 1736 1471 1778 ernen-

215 1824 288 1892 dare
298 1821 382 1886 velis.
425 1817 506 1885 Cum
522 1825 702 1888 concedatur
711 1825 829 1888 senib'us
839 1833 1044 1909 πιςιιιιτιληιῖι,
1056 1827 1156 1888 dicam
1170 1824 1244 1908 quid
1259 1822 1334 1884 mihi
1349 1806 1405 1882 usu
1418 1841 1476 1884 vc-¹

219 1925 307 1988 nerit.
351 1925 446 1988 Fuere
467 1924 504 1986 ab
523 1925 718 1990 adolescentia
738 1929 807 1991 inde
823 1951 890 1992 mea
905 1930 1005 2006 amici,
1019 1929 1129 1993 eruditi
1144 1928 1212 1991 sane
1226 1926 1365 1994 homines
1377 1938 1409 1985 et
1423 1923 1474 1985 in-

220 2029 343 2114 genioli,
367 2029 420 2110 qui
438 2027 560 2091 subinde
581 2030 751 2094 accusarent
773 2053 873 2094 meam
896 2034 928 2096 in
949 2031 1208 2096 emendationibus
1230 2031 1277 2092 vel
1300 2027 1404 2090 alienis
1423 2027 1474 2091 vel

221 2133 296 2196 meis
318 2131 510 2195 admittendis
528 2135 707 2198 tarditatem.
752 2136 813 2214 Sed
834 2137 930 2201 fatcor
949 2135 1268 2222 ingenue,·aliquoties
1282 2148 1384 2198 tamen
1399 2151 1473 2194 cam

220 2237 304 2298 omni
320 2235 379 2311 ilia,
395 2259 485 2320 quam
501 2259 557 2324 ego
572 2239 742 2303 cautionem
757 2242 954 2326 appellabam,
969 2243 1021 2326 ipsi
1032 2241 1235 2316 timiditatem,
1246 2238 1403 2322 aliquoties
1414 2237 1475 2298 mi-

220 2341 254 2403 hi
276 2341 331 2402 usu
351 2342 469 2416 venisse,
490 2357 523 2404 ut
543 2343 633 2405 austu
655 2344 764 2410 seilicet
783 2367 884 2407 rerum
899 2345 1119 2428 verborumque
1133 2343 1200 2422 usu,
1215 2343 1413 2406 retraCtandae
1427 2339 1475 2404 es·

221 2445 285 2508 sent
299 2447 532 2522 emendationes,
547 2470 615 2530 quae
630 2449 714 2511 valde
729 2449 804 2510 mihi
818 2451 1001 2533 placuerant.

265 2539 439 2646 Quminus
458 2552 586 2634 poenitet
604 2553 635 2614 in
651 2553 779 2616 Horatio
799 2555 917 2616 causam
935 2567 1123 2638 receptarum
1137 2553 1304 2618 sessionum
1319 2551 1475 2635 suscepisse

223 2675 442 2736 nonnunquam
467 2669 571 2716 contra
593 2655 690 2739 ipsum
709 2657 891 2734 Bentleium,
913 2659 1004 2720 ctiam
1029 2657 1082 2721 ubi
1104 2657 1248 2733 irascitur,
1270 2661 1317 2740 (ut
1339 2658 1376 2719 ad
1402 2657 1479 2732 Art.

222 2757 306 2820 Poet.
323 2762 411 2840 441.)
427 2758 616 2844 quodnsolenr
631 2781 691 2822 non
707 2781 863 2848 nunquam
879 2762 934 2824 viri
945 2761 1039 2837 dosii,
1055 2782 1126 2839 cum
1140 2775 1248 2846 putant
1262 2761 1478 2844 iniquum'effe

222 2860 349 2926 librariis
371 2861 573 2926 semibarbaris
595 2865 662 2946 plus
686 2863 755 2926 fidei
777 2865 879 2927 haberi
898 2888 989 2949 quam
1009 2865 1069 2929 suae
1087 2866 1207 2941 rationi,
1224 2864 1282 2928 boe
1300 2865 1343 2927 est
1361 2865 1480 2928 redlaea

223 2966 304 3048 quasi
324 2965 454 3026 vicissent
472 2987 542 3027 vero
561 2967 643 3028 suam
662 2970 808 3030 rationem
826 2969 876 3031 hic
893 2971 949 3032 esse
964 2969 1090 3032 restam.
1133 2969 1248 3032 Contra
1261 2968 1338 3032 hauc
1354 2969 1478 3035 critico-

223 3091 292 3134 rum
308 3071 507 3152 quorumdam
523 3071 741 3134 vehementiam
757 3088 905 3140 armatum
919 3073 1027 3158 pestus
1041 3073 1149 3136 habere
1163 3071 1252 3136 debet
1265 3073 1386 3138 Horatii
1396 3095 1479 3156 prae-

225 3175 324 3236 sertim
339 3173 445 3248 editor,
460 3190 490 3235 et
505 3176 592 3236 malle
608 3197 678 3246 cum
692 3175 882 3240 Philoxeno
875 3200 917 3239 rre
932 3179 963 3238 in
979 3177 1165 3252 Lautumias,
1177 3198 1269 3260 quam
1280 3177 1400 3239 laudare
1410 3198 1478 3239 non

225 3279 329 3352 bonas,
345 3277 548 3361 cujuscunque
564 3280 686 3340 demum
703 3281 720 3341 s
714 3295 778 3355 nt,
801 3302 893 3363 quam
908 3281 1038 3400 recipere
1053 3279 1192 3364 pulchras
1207 3281 1411 3395 quantumvis,
1422 3281 1479 3344 sed

206 3397 208 3402 ’
225 3384 325 3443 minus
340 3381 520 3456 necessarias,
536 3383 768 3446 emendationes.

269 3461 336 3554 Oui
352 3485 409 3548 hoc
430 3485 535 3568 potest,
552 3485 600 3547 ille
616 3489 711 3549 multo
727 3487 827 3550 minus
843 3487 1010 3552 movebitur
1025 3487 1096 3550 ab''
1077 3511 1123 3564 us,
1139 3511 1192 3572 qut
1182 3487 1253 3550 vel
1267 3487 1404 3561 omnium
1419 3486 1480 3550 bo·

226 3611 332 3654 narum
355 3611 454 3651 rerum
470 3591 569 3665 rudes,
584 3592 630 3652 vel
646 3607 724 3652 certe
741 3592 890 3654 suavitatis
903 3593 1027 3675 poeticae
1043 3608 1189 3676 expertes,
1204 3607 1256 3654 aut
1271 3614 1332 3655 non
1348 3592 1415 3654 satis
1430 3592 1482 3654 sa·

226 3696 379 3757 miliariter
394 3695 497 3756 versati
514 3717 584 3757 cum
599 3695 750 3778 scriptore,
766 3719 857 3780 quem
873 3697 1059 3760 eontrcslare
1071 3699 1192 3772 audent,
1203 3698 1350 3784 corrigere
1361 3698 1479 3781 aliquid

226 3813 256 3860 et
274 3801 431 3862 emendare
451 3813 607 3861 conantur.
650 3799 737 3862 Talia
756 3803 851 3863 multa
870 3822 940 3863 cum
955 3823 1017 3863 non
1033 3801 1211 3886 ignorarem,
1226 3801 1354 3884 praeterii
1370 3801 1487 3892 sciens,

226 3927 261 3968 ae
281 3905 347 3966 satis
366 3902 456 3965 habui
475 3903 537 3986 ipso
554 3904 667 3966 silentio
682 3907 718 3966 de
734 3905 792 3967 iliis
807 3905 959 3988 judicasse.
1003 3905 1138 3966 Eandem
1153 3903 1215 3966 sere
1229 3905 1375 3966 rationem
1390 3909 1480 3970 tenui

226 4011 304 4071 circa
325 4008 508 4092 portentosos
528 4007 678 4073 Harduini
698 4025 833 4084 conatus,
853 4011 906 4091 qui
921 4010 951 4069 in
966 4007 1237 4084 Pseudo-Horatio,
1252 4023 1334 4092 parte
1348 4031 1480 4092 operum

144 4095 146 4106 ¹
226 4111 345 4187 Varior.
370 4111 468 4172 Amst.
490 4130 580 4194 1733,
597 4111 648 4172 sol.
693 4111 801 4196 Lyrica
815 4111 956 4197 opuscula
971 4111 1083 4186 omnia,
1098 4133 1157 4196 qua
1172 4095 1282 4174 solebat
1297 4113 1486 4196 ἰιιιΡοιιιιιιί-Ι

226 4231 286 4280 tate
305 4231 335 4277 et
355 4204 550 4297 imphdentia,
570 4215 661 4276 veteri
676 4215 815 4289 Horatio,
831 4217 918 4300 cujus
933 4217 988 4298 esse
1004 4214 1114 4278 fatetur
1129 4214 1278 4278 sermones
1293 4233 1383 4299 atque
1396 4220 1482 4300 epis-

226 4323 312 4404 tolas,
338 4319 515 4404 abjudicata,
540 4317 655 4383 cohorti
680 4321 817 4402 impurae,
841 4321 872 4380 in
896 4305 1016 4383 certibro
1036 4321 1125 4404 ipsius
1147 4321 1306 4396 nidulanti,
1327 4320 1481 4402 adscribit,

226 4447 294 4508 quae
311 4424 418 4486 saeculo
434 4423 520 4486 XllI.
536 4444 570 4484 ea
590 4422 767 4485 confinxerit
782 4439 813 4485 et
827 4424 957 4506 antiquis
971 4423 1144 4486 hominibus
1158 4445 1212 4506 per
1226 4423 1363 4487 fraudem
1378 4426 1481 4512 subje.

226 4531 311 4604 cerit,
323 4551 390 4610 quae
404 4527 511 4610 puerili
523 4527 696 4602 credulitate
708 4527 859 4602 Ciceroni,
870 4527 1012 4612 Virgilio,
1023 4528 1148 4603 caeteris,
1159 4527 1268 4590 eruditi
1279 4550 1396 4604 omnes,
1407 4547 1480 4596 ante

227 4653 317 4720 quarn
334 4632 393 4713 ipse
410 4629 770 4704 exoriretur,1tribuerint.
815 4632 928 4715 Hujus,
946 4631 1114 4714 speciminis
1129 4631 1225 4707 eausa,
1241 4648 1378 4716 portenta
1392 4657 1481 4716 quae.

227 4739 296 4799 dam
306 4735 428 4819 insignia
439 4734 601 4817 deportavi,
614 4749 787 4800 caeoerarum
800 4755 838 4816 ne
850 4735 1034 4797 mentionem
1047 4735 1170 4818 quidem
1181 4733 1349 4800 satiendam
1361 4737 1479 4824 censui.¹
