3167 5542
260 807 1518 856 W

745 1061 1033 1187 Egusuem

470 1229 961 1382 ruAErArro
1010 1284 1315 1411 rurore,
1434 1273 1438 1282 ·

851 1561 921 1608 sm

532 1763 813 1877 rusrlrurr
838 1761 1032 1834 OPERIS
1058 1759 1243 1833 RATIO.

266 2075 1520 2124 :m

263 2391 310 2484 In
326 2419 385 2484 hoc
404 2419 630 2484 Commentario
645 2421 795 2483 Veterum
809 2417 1001 2484 scholiorum
1015 2420 1178 2504 Reliquiae,
1192 2441 1280 2504 quas,
1293 2434 1437 2504 tanquam
1450 2417 1521 2497 Ta-
1541 2433 1545 2441 '

259 2521 345 2586 bulas
360 2547 377 2586 e
392 2524 559 2608 naufragio,
576 2523 691 2587 summa
707 2545 777 2588 cum
792 2525 957 2613 diligentia,
971 2545 1008 2586 ex
1020 2524 1169 2608 imperitis
1183 2523 1311 2586 rudioris
1326 2522 1381 2586 aeri
1396 2520 1518 2604 compi-

259 2627 403 2690 latoribus
422 2629 609 2714 collegimus,
629 2627 735 2716 merito
755 2626 808 2689 suo
827 2625 924 2690 facem
943 2626 1118 2711 praeferunt.
1162 2627 1285 2712 Absque
1299 2625 1347 2688 his
1361 2625 1450 2700 foret,
1465 2627 1517 2691 vel

259 2729 444 2802 eruditissimi
465 2731 496 2790 in
512 2731 615 2792 multis
630 2728 737 2791 frustra
753 2729 979 2808 desudarennt3
1001 2731 1139 2812 quinimo
1154 2731 1186 2791 iu
1200 2731 1337 2813 plurimis
1352 2730 1439 2813 plane
1454 2750 1518 2791 cae-

259 2835 355 2894 eutire
373 2814 648 2916 deprehenduntur.
692 2833 770 2896 Sunt
786 2833 839 2894 ista
854 2833 922 2895 sane
936 2849 966 2894 et
981 2834 1077 2896 lacera
1091 2850 1121 2896 et
1136 2825 1219 2896 foede
1234 2833 1422 2916 interpolata,
1436 2834 1517 2918 dum

260 2935 412 3018 splendida
429 2937 558 2999 Acronis
575 2951 663 3020 atque
677 2935 893 3020 Porphyrionis
907 2937 1030 2998 nomina
1049 2957 1112 3020 prae
1131 2937 1161 2999 se
1176 2935 1287 3000 ferunt.
1331 2936 1464 3000 Forlitan
1477 2950 1517 3003 tu

261 3021 389 3124 quaeras,
405 3041 477 3122 quid
493 3061 549 3125 ego
565 3041 602 3102 de
617 3040 664 3102 his
679 3039 822 3102 sentiam:
844 3060 908 3101 rem
923 3062 1045 3122 omnem
1060 3025 1164 3128 paucis
1177 3040 1344 3124 expediam.
1381 3039 1518 3122 Pompo,-

259 3145 328 3206 nius
342 3143 520 3228 Porphyrio,
536 3143 627 3205 homo
643 3143 751 3206 dodlus
767 3159 857 3226 atque
872 3144 1009 3228 diligens,
1025 3143 1172 3208 incertum
1185 3165 1246 3229 quo
1257 3166 1332 3220 aevo,
1344 3143 1438 3206 stante
1449 3165 1518 3207 cer-

259 3263 290 3320 te
309 3248 433 3310 deorum
456 3249 550 3323 cultu,
574 3248 695 3309 Helenii
712 3243 853 3323 licronis,
867 3247 974 3310 vetusti
991 3249 1202 3330 Grammatici,
1216 3247 1315 3310 forsan
1334 3248 1425 3310 etiam
1440 3248 1517 3309 alio-

259 3373 328 3415 rum
350 3349 458 3412 fusiora
480 3349 715 3426 Commentario,
731 3351 762 3412 in
777 3351 866 3412 breve
887 3353 1100 3435 compendium
1116 3355 1287 3436 redegerat:
1308 3351 1446 3435 Magistri
1460 3351 1517 3414 Li-

259 3453 350 3518 brarii
374 3453 515 3536 sequioris
539 3453 595 3516 aevi
618 3453 700 3515 hune
721 3453 826 3534 itidem
849 3437 1067 3539 compilaverea
1090 3477 1220 3538 quorum
1240 3455 1275 3516 in
1294 3475 1421 3516 numero
1441 3477 1514 3518 cum

259 3557 495 3619 Pseud-Acrone
514 3569 544 3618 et
563 3557 913 3644 Pseudo-Porphyrium,
934 3537 1127 3642 Cruipuianus
1146 3559 1296 3641 Interpres
1310 3559 1516 3622 nominandus

259 3661 361 3734 venit3
385 3661 435 3721 etsr
455 3659 504 3724 bic
525 3661 646 3743 quidem
669 3661 702 3724 sit
721 3662 836 3723 caeteris
853 3663 957 3724 multis
977 3663 1008 3722 in
1024 3661 1113 3724 rebus
1126 3676 1157 3724 et
1171 3663 1289 3746 plenior
1303 3677 1333 3724 et
1347 3664 1515 3746 purgatior.

259 3765 336 3838 Post&
354 3763 409 3826 hos
430 3763 646 3826 Recentiorum
667 3765 835 3849 praecipuos
854 3765 1021 3841 adivimus3
1048 3767 1210 3850 prasertim
1228 3788 1300 3830 vero
1313 3767 1517 3845 ,Lambinum‚

261 3867 432 3950 Cruquium
452 3881 541 3950 atque
560 3867 767 3944 Tenendum,
788 3871 845 3929 tria
864 3869 984 3930 Horatii
999 3870 1124 3931 lumina.
1167 3862 1337 3952 Lambinus
1349 3874 1521 3950 πλυμθιιξι

261 3987 353 4054 atque
372 3971 525 4056 diligentia
546 3973 660 4045 mirus;
683 3970 838 4052 Cruquius
853 3973 987 4056 apprime
1002 3973 1111 4036 dodlus
1127 3975 1307 4058 ingenioque
1322 3972 1517 4055 praeeipuus;

260 4077 439 4138 Torrentius
453 4091 482 4136 et
498 4075 609 4158 probus
624 4089 653 4136 et
664 4075 771 4158 judicii
786 4077 904 4158 plenus,
919 4075 1186 4159 pulcherrimisque
1200 4076 1287 4148 rebus
1299 4076 1411 4158 ubique
1421 4072 1519 4136 refer-

260 4193 329 4242 tus:
350 4199 454 4242 omnes
470 4179 500 4238 in
515 4177 703 4240 conferendis
718 4177 834 4260 scriptis
848 4178 1001 4240 codicibus
1016 4179 1237 4264 diligentissimi.
1282 4177 1453 4260 Cruquium
1470 4174 1518 4237 fe·

262 4305 293 4347 re
316 4305 370 4366 per
390 4282 491 4370 omnia
514 4281 646 4364 sequitur
662 4281 693 4342 in
708 4281 860 4343 luculenta
875 4281 926 4342 sua
940 4281 1112 4364 Paraphrafi
1127 4283 1284 4357 Lubinus3
1307 4281 1389 4344 hunc
1404 4281 1518 4342 iterum

261 4388 404 4470 excerpsit
419 4386 517 4448 noster
528 4387 673 4448 Borulius.
718 4385 878 4468 Superiore
892 4386 983 4458 etiam
995 4387 1103 4448 saeculo
1114 4375 1347 4470 Christopliorus
1357 4385 1519 4446 Laudinus

261 4493 391 4577 plurima
411 4506 497 4552 acute
518 4491 653 4574 protulit.
698 4489 769 4550 Erat
788 4504 819 4550 et
840 4491 992 4552 Antonius
1012 4491 1214 4566 Mancinellus
1228 4489 1321 4552 homo
1336 4490 1463 4574 diligens
1484 4507 1519 4552 et

261 4599 365 4660 multae
380 4595 529 4669 lestioniS,
545 4611 579 4656 ut
593 4614 662 4654 vere
677 4595 714 4655 de
729 4615 765 4655 eo
778 4594 947 4667 Glareanus
962 4594 1093 4655 censuit:
1116 4594 1190 4656 solas
1203 4609 1304 4656 tamen
1319 4594 1415 4670 odas,
1430 4597 1516 4676 quod

261 4702 384 4784 quidem
400 4701 520 4776 scimus,
535 4701 585 4763 hic
601 4703 812 4784 interpretatus
826 4700 879 4760 est.
925 4699 1078 4761 Antonius
1092 4697 1234 4760 Muretus
1248 4719 1343 4782 pauca
1358 4719 1518 4760 commen-

262 4819 341 4894 tatus
362 4805 415 4881 est,
435 4805 484 4868 sed
505 4807 592 4888 plane
608 4826 710 4894 aurea..
751 4803 904 4894 Hemicus
919 4801 1231 4888 Stephanusfeliciter
1245 4803 1348 4895 limam
1363 4802 1445 4864 suam
1462 4803 1520 4862 ad-
