3167 5542
29 441 221 500 ems'r.
240 403 280 499 rr
462 421 787 501 rrrsroranuu
810 443 897 502 tro.
915 447 943 500 t.

29 600 319 694 Nempe‘inter
335 597 443 674 varias
459 602 608 674 nutritur
624 603 704 676 silva
720 591 911 692 chlumnas,
967 587 978 612 ’

29 717 325 812 Laudaturque
343 718 466 789 domus
483 718 605 816 longos
622 723 700 814 quae
716 720 874 816 prospicit
890 743 1000 818 agros.

29 821 251 904 Naturam
267 833 415 928 expelles
431 831 541 922 furca,
558 851 672 907 tamen
690 838 793 931 usque
810 854 973 924 recurret,

31 948 95 1018 Et
118 947 233 1020 mala
248 966 444 1045 perrumpet
460 947 579 1021 furtim
595 949 725 1023 fastidia
740 952 873 1024 vidrix.

36 1065 171 1152 Non,
194 1064 414 1162 quiSidonio
430 1067 635 1139 contendere
652 1068 792 1142 callidus
809 1067 900 1141 ostro

36 1181 194 1252 Nescit
211 1180 422 1277 Aquinatem
438 1181 589 1276 potantia
604 1182 729 1256 vellera
744 1182 878 1273 fucum,

43 1297 217 1372 Certius
235 1297 374 1392 accipiet
390 1289 569 1385 damnum,
585 1298 762 1393 propiusve
778 1301 949 1390 medullis,

45 1419 196 1520 Qram
214 1414 274 1508 qui
290 1438 362 1485 non
378 1414 500 1508 poterit
515 1439 597 1486 vero
614 1414 817 1513 distinguere
833 1415 965 1490 falsum.

46 1536 196 1637 Qem
213 1556 267 1602 res
284 1530 360 1624 plus
376 1529 483 1602 nimio
499 1531 706 1602 delectavere
721 1533 892 1621 secundae,

50 1651 227 1720 Mutatae
244 1645 417 1741 quatient:
444 1647 469 1718 sr
486 1646 569 1742 quid
585 1647 886 1742 mirabere‚,pones

50 1765 232 1838 invitus:
257 1761 341 1858 fuge
356 1783 502 1859 magna:
529 1762 607 1834 licet
622 1763 684 1835 sub
700 1784 848 1858 paupere
864 1767 955 1838 testo

57 1881 194 1976 Reges
212 1893 247 1948 et
263 1901 385 1975 regum
400 1878 469 1949 vita
484 1901 692 1972 praecurrere
708 1879 847 1950 amicos.

59 1999 214 2069 Cervus
230 2016 358 2089 equum
374 2018 491 2091 pugna
506 1983 626 2066 melior
643 1995 883 2068 communibus
900 1995 1013 2068 herbis
1047 1993 1050 2000 ’

58 2114 244 2197 Pellebat,
261 2111 370 2182 donec
387 2111 500 2181 minor
516 2111 552 2180 in
568 2111 751 2184 certamine
768 2112 874 2208 longo

31 2281 36 2288 -
62 2226 277 2324 imploravit
294 2251 375 2320 opes
391 2217 552 2314 hominis,
568 2225 784 2323 sraenumque
800 2226 947 2321 recepit:

64 2345 143 2416 Sed
161 2339 344 2438 postquam
361 2342 467 2413 vietor
484 2341 612 2413 violens
630 2342 766 2414 discessit
783 2345 826 2414 ab
843 2341 950 2428 hoste,

64 2455 161 2532 Non
179 2457 331 2553 equitem
347 2458 459 2544 dorso,
476 2473 547 2527 non
563 2455 712 2528 fraenum
728 2457 857 2552 depulit
874 2480 945 2528 ore.

70 2578 130 2648 Sic
150 2574 213 2670 qui
229 2573 425 2668 pauperiem
439 2573 580 2660 veritus,
597 2573 728 2666 potiore
745 2572 888 2644 metallis

70 2693 253 2764 Libertate
268 2705 373 2775 caret,
389 2687 568 2759 dominum
585 2688 685 2759 vehet
700 2687 891 2783 improbus,
908 2703 1009 2784 atque
1292 2722 1342 2786 4&

111 2964 145 3009 ²4
163 2948 272 3014 Expelles
278 2953 356 3015 princ
367 2954 424 2997 editt.
435 2954 460 2997 r'r.
470 2951 516 2996 coll.
528 2951 632 2997 Suae-2
633 2962 648 3009 5
666 2946 774 3011 Vestigia
786 2949 850 2994 Med
864 2959 934 3008 1477.
949 2950 1015 3013 Cruq.
1045 2949 1145 3014 Falligla
1158 2953 1206 3013 Brſs
1218 2952 1307 3002 Sar.-

146 3031 179 3076 27
198 3019 286 3064 sucum
299 3020 328 3064 Z.
362 3020 462 3064 Succum
475 3019 540 3066 Med.
555 3031 626 3077 1477.
638 3018 698 3063 Flor.
713 3015 853 3074 1482—30
870 3014 926 3062 Plus
937 3031 1009 3080 :equo
1019 3019 1139 3078 Sue-37
1159 3019 1232 3066 Vldlo
1243 3025 1307 3067 erlem

145 3087 192 3132 coll.
204 3085 259 3132 Sax.
293 3083 379 3151 vider
391 3085 456 3132 vidlo
469 3085 590 3142 Cura-40
607 3082 682 3132 vehit
686 3085 727 3146 sex
738 3084 796 3128 edlu.
807 3085 866 3146 apud
877 3083 929 3130 Curi.
941 3093 961 3130 el
972 3085 1043 3134 Benll.
1054 3105 1065 3133 e
1075 3089 1129 3133 codd.

80 3283 187 3332 trahunt.
205 3283 303 3348 Qranto
309 3280 450 3343 laudabilior
458 3297 518 3345 aqua
525 3297 554 3328 er
562 3280 612 3343 ipso
620 3279 695 3337 sonte,
724 3284 771 3344 qua
782 3279 930 3349 decipiebant
943 3280 1071 3345 imperitos.
1079 3281 1113 3329 ¹B.
1137 3278 1232 3330 thru
1242 3279 1276 3330 ell
1288 3279 1341 3331 nul·

82 3351 121 3398 vel
132 3362 194 3399 eerte
206 3366 235 3397 ex
246 3349 324 3397 rivulo
334 3349 396 3397 sonti
408 3350 516 3412 proximo
527 3347 626 3394 hausta?
644 3350 675 3394 G.
725 3347 773 3394 lam
787 3345 858 3411 hujus
872 3345 971 3396 officina
986 3349 1133 3396 mentionem
1148 3347 1261 3413 superesse
1276 3351 1341 3412 apud

116 3432 149 3466 22
168 3421 248 3465 Varia:
265 3420 383 3470 columnas,-
402 3415 538 3481 porticuum
552 3414 647 3462 scilicet
667 3415 694 3462 Β.
726 3411 838 3462 Plinium.
860 3416 898 3461 De
902 3418 956 3477 suco
967 3417 1062 3479 ejusque
1074 3417 1098 3462 in
1110 3431 1215 3479 purpura
1226 3415 1341 3479 tingendi

84 3483 122 3532 Cs.
136 3487 190 3533 Car.
202 3498 224 3543 3.
238 3497 275 3531 ιο.
288 3482 310 3531 6.
328 3487 358 3530 G.
725 3481 813 3538 usu,de
823 3481 947 3530 collatione
956 3483 1014 3530 item
1022 3485 1133 3547 lrrnaesuro
1145 3489 1214 3529 tinae
1223 3494 1277 3530 cum
1282 3493 1339 3546 pur·

95 3592 98 3597 .
118 3566 149 3609 24
162 3549 356 3616 Expelsassurcdr
373 3550 473 3598 furcillis
484 3545 588 3614 expellere
598 3549 695 3596 prover·
720 3559 780 3614 pura
792 3549 937 3612 disputatum
949 3549 979 3597 ad
992 3549 1108 3614 Qindlil.
1122 3563 1159 3598 12.
1172 3555 1262 3608 10.'75.
1275 3551 1306 3596 G.

84 3617 167 3666 dialiter
177 3622 216 3664 diri
222 3619 294 3683 potest,
300 3629 343 3682 pro
354 3637 376 3664 eo
386 3619 474 3684 quodss
484 3619 615 3681 igrmminiosa
624 3620 649 3662 vi
657 3620 695 3679 eji-
759 3615 791 3664 28
808 3618 926 3681 Propirgsve
942 3621 1034 3664 medullis
1043 3640 1051 3670 ;
1072 3617 1239 3680 Negotiator&
1254 3614 1342 3680 tangit,

86 3704 141 3732 rere:
164 3686 198 3732 Sic
214 3693 235 3731 et
254 3688 326 3732 Graecr'
344 3685 452 3750 aregium
471 3686 534 3731 &Sir
551 3683 564 3735 Ι
583 3686 695 3734 duumuir.
726 3699 785 3746 quos
795 3683 931 3730 immaniter
943 3695 1034 3746 angunt
1046 3683 1183 3747 hujusmodi
1192 3683 1285 3730 damna.

88 3753 208 3815 Cnrqniue.
241 3753 341 3816 Expeller
356 3750 445 3814 placuit
459 3751 576 3806 Bentleio‚
589 3761 614 3796 at
629 3749 696 3797 nobis
760 3763 793 3809 30
805 3752 859 3797 Plus
874 3755 951 3804 nimiu
969 3751 1031 3798 ultra
1046 3751 1144 3799 modum
1159 3742 1295 3798 deliniveie.
1313 3751 1340 3800 B.
1412 3765 1415 3784 ¹

87 3819 181 3881 vulgara
191 3818 274 3866 Leslio
286 3821 385 3882 expellas.
397 3819 424 3865 B.
443 3816 696 3879 Audieritatesposui·
726 3818 804 3865 Valde
815 3817 875 3864 mihi
887 3817 963 3880 placet
971 3821 1021 3882 plur
1032 3837 1094 3884 equo.
1112 3821 1142 3864 G.
1178 3853 1182 3860 .

89 3899 145 3932 mus
167 3886 265 3943 Acqedit
277 3885 346 3943 ratio,
360 3901 414 3948 quae
428 3888 517 3949 expelles
532 3883 626 3948 probat,
640 3883 695 3948 quia
760 3899 789 3944 31
810 3887 908 3932 srsrrtutae
926 3891 1027 3948 quatient,
1044 3885 1146 3948 eleganti
1165 3883 1340 3934 Charientisnro
1377 3877 1386 3887 '

89 3951 232 4016 asserendus
240 3953 339 4010 hoc'ell,
350 3963 374 3999 et
386 3951 555 4000 vehementius.
573 3953 603 3998 G.
725 3951 802 4014 posuit
815 3967 858 4014 pro
869 3951 971 3999 adversae
984 3951 1121 4000 turbabunt.
1139 3953 1165 3999 Β.
1189 3953 1226 4000 De
1238 3954 1341 4000 mirabere

122 4033 150 4078 ²5
164 4022 230 4066 Mala
237 4043 245 4073 ,·
264 4019 380 4083 perversa.
726 4018 787 4065 tous.
801 4019 872 4081 Epist.
886 4033 907 4066 1.
920 4018 942 4066 6.
956 4033 976 4065 r.
993 4021 1023 4065 G.

123 4089 200 4134 furtim
207 4109 214 4139 ‚·
230 4098 254 4134 et
266 4102 309 4150 per
319 4086 374 4144 hoc,
387 4097 414 4133 tu
425 4085 484 4133 velis
494 4083 560 4132 nolle
577 4087 603 4132 ll
626 4084 695 4132 Divi·
736 4082 791 4145 ‘33
805 4087 880 4150 Reges,
891 4097 998 4148 potentes
1009 4096 1210 4150 patronoqatque
1219 4087 1292 4134 etiarn
1304 4085 1340 4150 ip·

92 4161 140 4199 turn
161 4153 245 4201 deliciae
269 4165 402 4218 repugnant
427 4148 572 4216 simplicitati
596 4165 696 4209 natura,
725 4153 761 4200 sos
772 4169 839 4215 reges
850 4153 959 4216 Dilogur.

93 4235 159 4280 qoam
174 4216 304 4268 sallidr‘unt:
324 4220 363 4268 sed
380 4220 504 4292 paullatim
521 4231 602 4266 tamen
621 4220 694 4266 vincit
762 4223 787 4267 V
785 4219 817 4266 ut
825 4241 832 4274 ,·
846 4219 927 4284 supple
938 4222 1007 4267 beata.

95 4299 177 4344 natura,
190 4298 214 4335 ut
226 4287 310 4350 cupide
320 4287 352 4335 ad
367 4299 512 4335 conterritam
527 4285 592 4334 illam
606 4285 696 4350 simpli·
760 4300 792 4346 34
810 4288 890 4333 Cervus
909 4289 993 4350 Equum
1001 4309 1009 4340 ‚·
1027 4285 1087 4334 hanc
1105 4285 1217 4334 Fabulam
1234 4287 1340 4334 narravit

95 4353 182 4402 citatem
192 4355 294 4402 redeant.
312 4358 342 4402 G.
725 4352 783 4400 olim
796 4352 939 4401 Stesichorus
951 4353 1145 4410 llirnerlenlihus,
1153 4369 1207 4400 curn
1220 4353 1341 4401 Phalaridi

87 4420 91 4425 “
126 4421 154 4468 26
169 4423 227 4469 Bene
241 4425 357 4468 contendere
371 4437 414 4485 pro
425 4432 562 4484 comparare;
581 4435 637 4467 nam
648 4435 696 4468 una
726 4420 842 4468 satellites
854 4431 972 4483 pararent,
984 4432 1010 4467 ur
1022 4435 1049 4467 ex
1058 4419 1194 4466 Aristotelis
1205 4420 1340 4468 Rhetoricis

97 4488 186 4536 tendunt
195 4504 282 4552 pannos
293 4489 334 4551 qui
345 4501 492 4553 comparant,
502 4500 526 4537 et
538 4488 695 4536 internoscere
725 4487 826 4535 ostendit
838 4487 876 4534 vir
887 4487 970 4536 dodlos
982 4488 1240 4552 JoannesHartuugue
1258 4485 1341 4535 Philo-

97 4553 171 4602 volunt
187 4556 324 4604 discrimina
342 4557 368 4602 B.
404 4559 453 4624 Q?
468 4558 555 4602 callidus
571 4557 620 4618 nest.
639 4554 662 4601 h.
674 4571 694 4601 e.
724 4554 824 4618 sophum
837 4555 913 4618 ipsum
925 4554 963 4602 adi
976 4566 999 4601 et
1010 4553 1104 4602 ridebis.
1134 4551 1135 4554 ¹
1399 4551 1400 4554 ¹

97 4621 134 4680 qui
150 4639 269 4685 purpuram
285 4622 367 4670 salsam
385 4633 410 4670 et
426 4622 529 4686 spuriam
546 4621 629 4669 callide
646 4637 694 4668 non
759 4623 854 4678 Mello,
865 4621 978 4684 superior,
989 4621 1099 4686 nerlu-ror.

99 4689 164 4750 potest
174 4690 296 4738 discernere
307 4706 322 4736 a
333 4705 390 4737 vera
401 4701 425 4738 et
436 4704 558 4754 germana,
572 4687 647 4752 qualis
661 4687 695 4736 est
760 4703 774 4748 3
775 4703 789 4746 5
805 4691 893 4747 ulslrrr,
905 4687 1010 4744 inserior,
1021 4690 1098 4740 seron
1136 4743 1138 4750 y

98 4751 170 4815 Tyria
186 4759 213 4803 Z.
759 4755 794 4816 36
807 4757 858 4820 Opes
870 4755 943 4802 modo
954 4755 1030 4818 posuit
1043 4767 1161 4820 pro-opem.

129 4833 155 4881 27
169 4823 295 4891 Aquinates
310 4823 411 4888 Tyriam
426 4839 557 4890 purpuram
572 4821 694 4881 saliebant,
760 4836 790 4884 37
807 4826 891 4871 Vident
898 4845 907 4878 ,·
924 4821 998 4882 seror,
1010 4821 1127 4870 insultans.
1148 4825 1202 4872 ‘Pro
1212 4825 1281 4872 vider
1292 4825 1339 4872 olo·

1023 4904 1105 4968 rrurj
1164 4967 1172 4980 .
