3167 5542
389 1067 928 1184 Quonnrrr
1051 1023 1054 1028 ’

243 1305 289 1436 ι’
406 1316 458 1434 ι
570 1313 644 1451 Α.
743 1311 796 1432 c
910 1311 963 1432 c
1074 1310 1103 1432 1

363 1515 957 1696 nnnnrnrourrcn
1022 1557 1030 1566 ’

550 1846 772 1920 moun.

544 2549 597 2602 AD
616 2551 779 2604 emortus·

27 2735 106 2796 Hunc
124 2731 230 2800 dirum,
250 2730 294 2808 qai
309 2723 451 2808 inscribit&
466 2725 528 2786 DE
545 2723 668 2785 ARTE
686 2715 878 2794 POETICA,
896 2726 937 2786 ad
950 2725 989 2786 L.
1008 2723 1133 2808 Pryinem,
1152 2730 1197 2808 qui
1206 2727 1291 2812 postea

71 2823 155 2882 Urbis
173 2815 260 2896 Ctfior
269 2818 336 2894 suit,
354 2814 424 2893 mifit.
466 2817 537 2873 Nam
554 2815 641 2893 etipse
661 2815 722 2893 Pifh
733 2827 809 2893 poeta
817 2814 885 2892 suit,
901 2813 1073 2891 astomorum
1090 2815 1228 2876 monton
1244 2841 1293 2876 aa·

67 2909 144 2988 isses,
163 2908 190 2964 io
210 2925 279 2982 quem
297 2901 385 2959 librum
403 2900 512 2981 congeffit
523 2913 645 2979 precepta
663 2901 816 2979 Moptolemi
836 2899 956 2974 [Parii]
975 2899 1006 2956 de
1017 2901 1086 2958 Arte
1099 2901 1202 2960 Paetica
1209 2925 1223 2969 ,·
1242 2926 1293 2963 non

69 2995 170 3074 quidem
189 2993 282 3057 omnia,
292 2987 343 3066 sed
356 2988 543 3068 emimntssma.
564 2985 631 3044 Vet.
648 2987 742 3048 Schol.
759 2988 795 3046 B.
839 2977 949 3065 (Potest
966 2985 1012 3044 bic
1027 2985 1134 3044 labellus
1146 2989 1293 3047 commode

70 3079 169 3140 baberi
183 3097 236 3156 pro
250 3074 361 3152 epistola
374 3073 436 3132 libri
451 3069 560 3132 secundi
573 3073 665 3142 tertia,
679 3072 727 3150 qui
740 3074 776 3134 fic
790 3093 846 3130 non
860 3073 947 3149 major
959 3069 1011 3129 erit
1023 3068 1096 3128 libro
1105 3071 1205 3150 primo.
1229 3073 1292 3133 Nec

70 3183 233 3244 temporum
247 3161 328 3230 ratio,
347 3173 395 3218 aut
409 3159 482 3218 aliud
495 3159 679 3227 necessarium,
695 3161 771 3236 quod
784 3157 876 3226 teian,
890 3168 1084 3236 argumentum
1096 3157 1196 3222 obstat.
1239 3161 1302 3218 Fa:

71 3269 118 3312 vet
132 3251 218 3310 etiam
233 3247 380 3317 Charilius,
397 3245 445 3324 qui
458 3267 488 3323 p.
506 3249 572 3304 182.
588 3265 616 3323 3.
630 3259 658 3303 et
677 3249 741 3323 183.
760 3263 806 3304 ιο.
820 3242 977 3321 srmpliciter
989 3242 1158 3320 Epmmrm
1171 3246 1294 3317 nomine,
1383 3269 1388 3280 ·

73 3361 134 3416 quae
155 3335 203 3395 hic
224 3333 366 3413 leguntur,
385 3332 488 3390 laudat.
531 3333 643 3392 Mature
663 3346 755 3390 tamen
776 3345 809 3390 ut
828 3327 971 3409 peculiaria
990 3326 1097 3386 libellus
1117 3329 1254 3404 laudatur,
1274 3357 1293 3394 a

73 3424 267 3510 Qinctiliano
287 3419 375 3498 Epist.
395 3421 430 3478 ad
447 3419 577 3498 Trypho.
597 3419 644 3480 ubi
662 3419 819 3498 fimpliciter
832 3419 922 3477 Artem
933 3415 1054 3495 poeticam
1068 3431 1158 3488 vocat.
1173 3436 1204 3480 et
1219 3427 1246 3481 8.
1263 3442 1295 3500 3.

75 3513 122 3570 60.
138 3534 172 3570 ex
185 3513 274 3592 prima
282 3522 358 3588 parte
371 3507 429 3566 libri
442 3507 472 3568 de
484 3523 540 3566 arte
547 3509 643 3586 poetica
657 3506 744 3584 ipsum
758 3503 838 3563 affert
850 3502 1025 3582 principium.
1058 3505 1210 3568 Priscianua
1223 3531 1293 3587 quo-

75 3619 128 3676 que
142 3613 171 3657 et
185 3599 231 3656 alii
246 3593 429 3658 Grammatici
442 3592 536 3675 pailim
550 3599 687 3656 Horatium
700 3596 731 3653 de
742 3607 799 3652 arte
809 3594 907 3672 poetica
920 3591 1017 3652 citant.
1058 3594 1110 3652 An
1123 3599 1293 3662 occationem

77 3685 216 3764 separandi
237 3684 381 3743 voluminis
400 3683 487 3754 dedit,
508 3679 584 3761 quod
605 3697 636 3740 ut
647 3684 771 3762 somnium
793 3681 913 3757 Scioimis
928 3702 960 3738 ex
978 3681 1104 3742 Ciceronis
1121 3685 1152 3742 de
1168 3688 1294 3764 repobdca

77 3795 158 3852 opere
177 3788 339 3852 excerptum
358 3771 518 3831 Macrobius
537 3772 692 3852 explicavit,
713 3771 872 3828 {inmature
887 3767 1070 3833 Grammatici
1085 3771 1239 3836 Horatium
1252 3777 1294 3835 in·

78 3862 221 3940 terpretari
235 3881 353 3938 coepere.
394 3857 478 3918 Certe
495 3858 606 3919 Terentii
620 3861 711 3918 Scauri
730 3857 828 3938 (quem
842 3852 980 3912 Hadriani
993 3857 1166 3935 temporibus
1177 3863 1295 3944 allignat
1411 3932 1415 3938 Ι

79 3951 186 4009 Gellius
211 3971 256 4008 ιι.
276 3947 337 4027 15.)
363 3949 599 4008 Commentariorum
618 3950 644 4004 in
664 3963 743 4006 artem
758 3943 879 4024 poeticam
899 3943 1007 4003 Horatii
1025 3944 1115 4004 ibrum
1135 3949 1176 4010 X.
1197 3951 1293 4018 laudat

80 4039 183 4096 Charis.
198 4061 227 4116 p.
247 4040 311 4095 182.
328 4052 356 4111 ς.
371 4049 399 4092 et
417 4037 482 4093 188.
502 4053 547 4111 17.
590 4035 623 4092 ln
639 4033 728 4093 MSS.
743 4046 771 4090 et
785 4028 880 4109 priscis
893 4030 1059 4092 editionibus
1068 4037 1126 4113 jam
1139 4038 1201 4114 post
1215 4041 1295 4120 Epo.

80 4127 129 4185 dos
146 4139 173 4184 et
188 4127 306 4186 Carmen
324 4122 449 4182 saeculare
466 4124 589 4202 ponitur,
608 4138 640 4182 ut
654 4124 681 4182 in
696 4119 762 4180 MS.
779 4120 968 4198 Gottingenfi‚
986 4124 1018 4183 it.
1032 4124 1061 4182 in
1075 4125 1142 4182 edit.
1157 4127 1295 4191 Mediola-

81 4215 150 4273 nensi
168 4233 253 4288 1477,
272 4213 298 4270 in
313 4213 421 4270 Veneta
439 4231 524 4288 1479,
540 4219 593 4271 &o
612 4211 695 4287 usque
710 4210 744 4268 ad
759 4207 803 4266 H.
819 4207 1010 4285 Stephanum
1028 4219 1103 4269 'nunc
1117 4213 1207 4273 medio
1221 4217 1295 4278 inter

83 4300 215 4377 Epistolas
232 4315 259 4360 et
280 4301 424 4360 Sermones
438 4301 514 4369 loco,
535 4315 568 4359 ut
585 4299 613 4356 in
632 4297 751 4356 editione
769 4298 880 4368 Zaroti‚
898 4319 970 4358 nunc
987 4298 1105 4375 denique
1123 4301 1221 4360 ultimo
1234 4325 1295 4363 om·

83 4388 155 4444 nium
170 4389 233 4446 loco
252 4391 313 4466 poll
325 4388 459 4466 epistolas,
479 4391 556 4466 cujus
570 4386 684 4446 instituti
699 4386 796 4444 audior
809 4385 917 4444 videtur
929 4386 1055 4446 laudatus
1069 4388 1152 4445 modo
1170 4389 1214 4446 H.
1230 4391 1295 4450 Ste-

84 4477 195 4552 phanus,
213 4477 260 4554 qui
277 4476 410 4535 rationem
424 4481 481 4555 ejus
495 4477 585 4536 reddit
599 4479 694 4537 Diatr.
709 4498 738 4554 p.
755 4496 803 4554 32·
844 4478 928 4536 Certe
942 4496 997 4532 non
1011 4477 1149 4547 annotavi,
1166 4478 1293 4554 quiante

85 4559 156 4618 illum
170 4563 264 4620 ultimo
277 4565 340 4623 loco
354 4579 468 4640 poneret
482 4565 596 4632 Artem,
610 4583 698 4639 neque
713 4563 760 4641 qui
774 4564 835 4643 post
849 4563 925 4620 illum
938 4583 994 4620 nou
1007 4577 1132 4640 poneret.
1168 4565 1294 4626 Hardui-

86 4665 130 4714 ιο,
147 4649 191 4724 (ιυί
208 4651 415 4732 QHoratium
431 4651 562 4708 Flaccum
580 4665 662 4730 negat
676 4651 816 4708 audiorem
829 4651 911 4728 hujus
923 4648 1007 4708 libelli
1020 4647 1081 4719 elle,
1098 4651 1294 4729 respondemur

87 4729 149 4790 locis
162 4735 202 4804 iis,
215 4741 285 4798 unde
299 4741 415 4818 inputat
429 4739 482 4797 hoc
497 4740 617 4818 probari.
640 4739 697 4818 G.)
735 4739 831 4798 Placet
844 4739 911 4798 mihi
924 4738 1057 4799 sententia
1069 4741 1229 4810 Wielandii,
1243 4742 1293 4818 qui

91 4830 176 4894 negat,
196 4819 345 4884 Horatium
359 4825 468 4884 voluisse
481 4825 527 4884 hic
542 4826 607 4885 artic
624 4826 740 4906 poetica
754 4828 862 4886 tradere
879 4840 1028 4908 precepta,
1048 4827 1096 4891 se'd
1111 4829 1225 4890 hortatu
1243 4826 1290 4888 Pi-
