3167 5542
116 772 1369 817 w

476 1047 1014 1165 Quonim

328 1278 1320 1405 FLACCI·

440 1568 693 1649 cAnMnN
721 1566 1061 1662 sneunnnn,
1106 1506 1110 1517 ¹

384 1792 883 1863 PRO‘1NO0LUM1TATE
904 1798 1113 1861 IMPERII.

118 2488 188 2545 Cum
204 2482 338 2543 saulam
353 2478 424 2539 ludos
437 2478 564 2558 Augustus
580 2477 712 2537 celebraret
720 2476 856 2558 stmndurr
868 2481 944 2537 rhum
955 2480 1043 2559 prisca
1057 2474 1195 2556 Relglonis
1208 2499 1226 2535 a
1238 2475 1381 2553 virginibus

33 2634 35 2637 ,
153 2570 290 2653 puerisque
297 2568 490 2649 pretextatisio
507 2564 629 2643 Capitoli>
642 2580 766 2625 cantatum
779 2565 820 2643 est.
841 2566 909 2623 Vet-
925 2565 1020 2623 Schol.
1063 2565 1237 2647 (Secundum
1251 2564 1309 2621 haec
1323 2585 1378 2621 non

161 2662 249 2721 modo
262 2659 325 2719 lusit
338 2655 392 2714 hoc
406 2652 531 2713 secum
541 2672 651 2711 carmen
663 2652 810 2721 Horatius,
824 2651 870 2710 sed
883 2650 998 2729 imperio
1009 2650 1133 2732 Augusti
1143 2654 1179 2710 ad
1189 2650 1276 2729 ipsum
1286 2649 1379 2707 astum

158 2748 292 2807 ludorum
306 2742 427 2821 scripfit;
446 2740 522 2819 quod
535 2739 680 2798 confirmat
694 2739 776 2799 etiam
791 2739 940 2799 Suetonius
953 2739 981 2797 in
992 2739 1047 2799 vito
1060 2743 1151 2819 po'e'tae
1162 2739 1254 2807 nostri,
1268 2752 1296 2795 et
1307 2735 1379 2796 forte

161 2832 250 2903 Ouid.
265 2830 351 2891 Trisi.
368 2850 395 2888 2.
408 2846 423 2887 2
427 2843 474 2904 5.:
494 2838 522 2883 et
536 2836 629 2903 aperte
643 2824 766 2885 Censori.
781 2826 816 2883 de
829 2822 873 2881 die
888 2837 945 2881 not.
961 2843 1006 2899 17.
1037 2824 1134 2885 Visum
1148 2826 1186 2885 est
1199 2824 1317 2903 primum
1332 2823 1381 2881 Sa-

161 2920 286 2987 nodone,
299 2917 398 2977 deinde
412 2935 499 2993 nuper
512 2912 595 2971 etiam
609 2910 811 2981 Anchersenio,
832 2910 976 2990 ingenioso
989 2911 1050 2971 sane
1064 2912 1220 2973 hominihus
1239 2926 1268 2970 et
1282 2910 1381 2980 nouis,

160 3000 277 3085 seligere
291 3025 325 3062 ex
339 3002 449 3081 reliquie
461 2999 575 3059 Horatii
589 2998 754 3061 carmimhun
768 3000 904 3076 quadam,
917 3010 947 3055 et
959 2998 1034 3056 velut
1043 2999 1138 3058 dmmn
1150 3000 1291 3078 quoddam
1300 2997 1383 3056 saecu·

161 3090 219 3151 Im
232 3090 296 3149 inde
311 3088 438 3149 formare.
474 3086 514 3145 Et
528 3084 572 3143 ille
586 3085 697 3163 quidem
711 3085 766 3145 hoc
780 3083 875 3143 ordine
889 3083 983 3143 Carm-
999 3084 1025 3141 Ι.
1041 3104 1108 3163 32.:
1131 3105 1159 3163 3.
1178 3106 1203 3144 1.
1222 3104 1317 3160 1.-4·
1332 3086 1380 3145 6·:

166 3194 196 3235 ι.
211 3196 279 3235 21.:
298 3174 416 3253 denique
430 3172 518 3251 ipsum
531 3172 586 3231 hoc
601 3172 730 3231 nostrum.
773 3172 818 3229 Ut
831 3166 911 3228 sa'cise
925 3169 963 3227 est
976 3169 1092 3230 inventio
1104 3172 1207 3251 aliquid
1220 3173 1330 3239 addere,
1344 3169 1382 3228 ita

161 3262 372 3323 Anchersenius
385 3259 462 3320 auxit
476 3261 530 3318 hoc
545 3258 658 3337 systema
674 3279 761 3337 nuper
773 3257 829 3316 hoc
842 3258 944 3316 modo:
964 3256 1030 3317 Car.
1046 3258 1071 3317 1.
1084 3278 1131 3337 3²·
1146 3274 1174 3319 et
1188 3279 1217 3336 4.
1233 3262 1261 3317 6.
1275 3258 1384 3336 infrena

160 3352 246 3430 campi
260 3350 360 3409 Martii
373 3362 482 3407 cantata
497 3346 574 3415 dicit,
588 3349 672 3428 primo
686 3348 725 3405 die
737 3345 852 3406 ludorum
856 3344 1035 3426 secularium:
1051 3366 1078 3428 3.
1093 3367 1118 3407 1.
1123 3349 1233 3428 ficundo
1242 3349 1282 3405 die
1293 3350 1319 3403 in
1332 3347 1387 3404 cr„

154 3436 249 3519 pilnEo
263 3456 291 3515 3.
307 3454 354 3495 22.
369 3448 397 3493 et
416 3455 440 3494 ι.
457 3453 504 3494 21.
520 3442 595 3503 node,
610 3457 662 3512 que
674 3436 773 3501 tertium
783 3430 981 3513 dimpreceffil‚
994 3434 1020 3490 in
1032 3434 1118 3515 templo
1127 3438 1221 3495 Diana
1230 3434 1383 3493 Aventina.-
1429 3433 1432 3443 '

168 3544 197 3584 ι.
213 3542 260 3601 3¹·
275 3536 304 3582 et
317 3520 432 3601 praesem
446 3541 566 3591 carmen,
579 3522 651 3579 tertio
665 3520 704 3579 au
716 3524 742 3579 in
755 3520 841 3600 templo
854 3520 978 3599 Apollnis
993 3522 1125 3580 Palatinis
1141 3540 1168 3599 3.
1180 3540 1228 3597 30.
1241 3519 1321 3578 eodem
1334 3520 1384 3588 de,

152 3610 293 3693 sul-finem
307 3608 441 3671 Ludmm
454 3608 480 3665 in
494 3622 578 3687 campo
594 3606 710 3676 Martio,
725 3606 824 3667 cecinit
838 3606 880 3664 vel
893 3606 949 3684 ipse
961 3606 1108 3678 Horatiae,
1121 3608 1164 3667 vel
1173 3610 1273 3667 choms
1286 3629 1384 3687 puero-

162 3718 230 3758 rum
244 3712 272 3757 et
285 3698 447 3777 puellarum.
489 3692 595 3753 Mirum
608 3692 681 3762 sane,
699 3694 719 3753 li
733 3694 852 3753 cannino
865 3692 945 3753 unius
962 3694 1129 3774 argumenti,
1148 3696 1245 3753 eodem
1258 3709 1382 3771 tempore

162 3784 279 3864 scripta,
296 3786 336 3861 itu
355 3782 447 3863 spargi
465 3802 514 3861 per
532 3782 616 3843 libror
633 3782 724 3861 plures
737 3795 863 3859 potuere.
904 3779 1013 3840 Adium
1031 3780 1070 3839 est
1083 3782 1118 3839 de
1130 3793 1192 3839 tota
1205 3781 1385 3861 chronologia

162 3870 340 3941 Bentleiana,
360 3891 443 3948 quam
466 3870 547 3947 supra
564 3870 755 3949 proposuimus
775 3882 804 3927 et
825 3868 999 3927 firmavimus.
1041 3869 1097 3927 Sed
1114 3880 1205 3929 tamen
1221 3870 1384 3929 confiderari

161 3956 231 4040 plur
244 3958 324 4018 semel
339 3958 411 4036 ipson
424 3956 514 4015 versus
529 3976 561 4014 ea
578 3956 689 4035 quidem
704 3970 806 4025 mente,
821 3969 853 4016 ut
866 3954 886 4013 ii
900 3956 968 4033 quid
980 3955 1008 4013 in
1022 3953 1054 4013 iis
1063 3954 1293 4034 deprehenderem
1303 3957 1386 4017 saecu·

162 4043 270 4107 lanum
282 4042 354 4103 ludio
371 4041 514 4123 proprium
531 4040 581 4123 (de
595 4041 695 4121 quihus
709 4045 767 4121 jam
780 4063 852 4101 anno
866 4042 948 4101 nostri
961 4040 1051 4101 seculi
1065 4044 1169 4103 XVII.
1183 4044 1330 4123 diligenter
1341 4066 1385 4103 nne

163 4128 307 4212 quaefiisse,
321 4128 472 4209 disputatio
485 4144 547 4187 tum
557 4128 631 4187 edita
640 4128 714 4189 testie
724 4128 772 4198 est,
787 4127 815 4187 in
825 4150 881 4206 qua
890 4150 945 4188 non
956 4128 1043 4186 multa
1051 4130 1219 4189 emendanda
1230 4132 1384 4191 XXXIII.

163 4218 245 4293 anni,
258 4218 384 4278 saeculum
391 4218 505 4297 jussum,
516 4236 559 4275 me
570 4215 717 4297 docuere),
730 4216 879 4277 desererem
889 4218 982 4297 potiuu
992 4218 1200 4299 chronologiam
1210 4219 1293 4287 illam,
1304 4238 1386 4295 quam

162 4306 262 4385 lepido
280 4306 341 4366 sane
356 4319 385 4365 et
399 4328 454 4364 non
469 4304 617 4385 ineleganti
631 4304 742 4365 invento
756 4326 946 4386 repugnarem.
987 4305 1067 4389 Qid
1085 4306 1319 4386 deprehenderim,
1336 4308 1387 4365 sru-
1480 4334 1484 4342 ·

164 4396 243 4477 gulis
254 4394 322 4454 locis
336 4393 462 4473 adscripsi
474 4416 481 4453 ι
503 4393 549 4452 hic
563 4392 688 4471 profiteri
702 4414 801 4474 cogor,
815 4394 893 4453 solidi
906 4415 949 4452 me
963 4392 1031 4451 nihil
1043 4395 1110 4454 dum
1123 4394 1252 4464 inuenire,
1265 4396 1387 4454 curritis

165 4482 260 4546 doliis
273 4480 407 4541 assentiar.
450 4480 577 4543 Gloriam
592 4479 694 4559 ingenii
708 4481 798 4543 neutri
812 4482 959 4562 abjudico;
980 4501 1073 4539 verum
1086 4480 1156 4552 illoc,
1170 4482 1213 4539 vel
1225 4482 1386 4542 alterutrum

165 4569 272 4640 vidiffe,
286 4590 369 4648 nego.
406 4568 562 4629 Diffensunr
576 4566 658 4626 tnlem
669 4566 781 4647 indigne
791 4567 862 4626 serre
873 4588 953 4627 nemo
963 4569 1057 4637 debet,
1071 4566 1180 4626 minime
1193 4567 1326 4637 ninnium,
1339 4568 1387 4647 qni

91 4652 94 4663 '
166 4672 294 4737 receptur
305 4656 451 4717 sententiar
461 4656 661 4736 oppugnandae
670 4654 719 4713 fibi
730 4654 855 4732 sumsere.
880 4657 1030 4727 Caetemm,
1040 4657 1088 4734 qni
1097 4656 1188 4735 legere
1198 4656 1253 4715 hoc
1263 4656 1388 4718 saecnlme

168 4764 279 4805 namen
293 4743 443 4823 jucundius
459 4742 566 4811 volunt,
584 4740 623 4799 illi
641 4740 717 4819 prius
735 4743 904 4823 cognoscant
917 4758 992 4805 certe
1007 4744 1100 4803 locum
1114 4742 1218 4804 Zofimi
1234 4742 1284 4802 hh.
1301 4762 1328 4802 2.
1342 4765 1387 4821 pr.

167 4830 320 4931 presertim
333 4830 436 4904 rusus,
452 4828 501 4911 qui
514 4828 553 4891 ihi
573 4826 723 4899 recitantur
740 4828 901 4907 Sibyllinoe,
921 4851 991 4911 quos
1004 4829 1115 4909 quidem
1128 4828 1311 4891 diffemtione
1325 4840 1388 4892 ante
