3167 5542
239 403 345 480 xxviii
515 395 517 400 ’
659 423 798 476 meran
816 403 1071 474 nocemur.

285 583 310 626 r.
328 561 480 643 Aesonium,
495 563 664 630 Adonidium
669 601 680 640 ‚·
696 569 817 633 Plotius
828 570 951 634 adducit
964 571 996 632 in
1011 571 1183 654 exemplum
1190 571 1232 634 Ὦ
1245 578 1286 632 ela
1298 567 1396 630 Aleon.
1426 561 1499 626 Dii
1545 609 1549 614 -

237 667 317 730 citur
331 671 451 754 Epodos
466 673 536 756 quia
552 671 706 756 subjicitur
721 672 889 758 Sapphicis,
905 676 985 758 apud
999 661 1173 750 Horatium,
1189 670 1299 735 ternis:
1317 667 1492 752 Anapaestie

236 775 318 855 apud
329 773 485 850 Senecam,
501 790 648 857 quotenos
659 793 705 839 ret
717 775 829 840 tulerit.
853 777 985 861 *Hernici
998 783 1096 862 Klppa
1107 787 1220 847 aaran
1232 775 1282 838 rel
1295 776 1397 838 nardo.
1423 771 1493 836 Di-

237 879 367 942 metrium
382 901 415 938 eae
429 861 557 964 inferiori
564 893 650 960 parte
664 879 842 942 Heaearnetri.
878 881 1044 944 Diomedes
1058 880 1151 941 Metr.
1166 877 1274 941 Horat.
1290 879 1310 938 l.
1331 897 1358 938 1.
1373 875 1414 938 Ο.
1434 895 1490 938 10.·

236 979 386 1042 nominari
407 981 542 1063 perhibet
564 984 641 1042 nieen
657 983 754 1044 colicon
772 983 924 1054 elimontem·
947 997 1098 1067 corrupte,
1119 973 1266 1064 quantum
1284 999 1424 1064 auguror,
1447 1000 1490 1042 ex

234 1087 316 1150 ἔπιιὲι
330 1090 424 1148 unsel·
438 1093 572 1173 Aapaags‘aar.
596 1099 693 1148 remoto
708 1085 885 1149 Hexametri
897 1089 1121 1175 beffe‚‘reliqaum
1133 1087 1270 1147 trientem.
1284 1082 1384 1144 *Nota
1405 1081 1492 1143 Ver-

235 1183 284 1247 sus
299 1187 387 1248 certis
401 1186 527 1269 pedibus
542 1189 663 1274 alligati,
686 1190 739 1272 qui
753 1189 1003 1276 Menesthematfii
1015 1191 1153 1265 audiunt,
1171 1209 1224 1272 per
1238 1187 1362 1272 syllabas
1375 1190 1488 1248 nume-

234 1290 293 1349 rari
312 1291 484 1371 patiuntur:
507 1291 587 1353 unde
607 1293 770 1375 sapphicum
782 1295 995 1380 pentasyllalmn
1008 1305 1149 1357 vocatur:
1185 1291 1310 1356 Muficis
1324 1289 1492 1354 Chartam-

235 1389 337 1454 bicum
353 1409 575 1457 monometrum
589 1395 874 1481 hypercataledlum.

280 1517 309 1562 2.
332 1498 539 1560 Archilochium
553 1495 759 1586 heptaffllabum
780 1499 895 1565 constat
917 1523 954 1564 ex
975 1501 1030 1587 defi
1044 1503 1091 1564 vel
1110 1499 1234 1583 Dipodr‘n
1248 1498 1397 1585 Dadylica
1410 1515 1490 1563 cunt

236 1603 394 1686 semipede.
437 1603 612 1666 Dimetmm
634 1603 829 1689 Dadiylicum
852 1601 1137 1690 hypercataledtum.
1182 1603 1292 1689 Cesum
1307 1627 1340 1665 ex
1344 1604 1492 1689 superiori

229 1721 313 1791 parte
335 1705 503 1769 Hexametri
524 1707 766 1771 Penthema'meres.
818 1709 1016 1774 Subnedlitur
1037 1709 1233 1772 Hexametro.
1281 1707 1382 1771 Carm.
1404 1709 1425 1771 l.
1447 1728 1490 1787 4.

235 1811 304 1874 Ode
320 1831 349 1895 7.

280 1937 308 1998 3.
333 1914 545 1992 Plureerotium
560 1918 597 1982 ab
612 1919 775 1981 inventore.
819 1917 1012 1983 Pherecrates
1027 1918 1059 1980 in
1073 1915 1214 1981 Curiano.
1295 1899 1300 1912 ’

548 2085 552 2090 ’
582 2061 680 2147 ”Ardere
695 2065 820 2148 argium
832 2073 872 2127 rie
885 2070 924 2126 ὧ

588 2149 748 2231 ’etaaglaon
762 2159 837 2230 κιινᾷ

588 2237 766 2313 Συμπτῦιτοις
779 2239 934 2304 inermies.

232 2361 353 2436 Plocius
368 2363 651 2458 Manoschemotplum
666 2387 771 2436 vocat:
793 2372 882 2436 habet
904 2373 986 2435 enim
1007 2360 1098 2457 pedes
1116 2371 1148 2434 in
1162 2373 1270 2436 eodem
1285 2371 1341 2434 satu
1354 2369 1487 2436 insaria-⁴

233 2473 327 2551 biles;
350 2489 384 2537 ut
406 2476 458 2558 qui
478 2473 564 2559 juxta
582 2477 804 2540 Grammaticos
825 2477 944 2540 duobus
965 2475 1037 2538 hinc
1059 2477 1129 2538 inde
1151 2475 1299 2559 Spondeis
1313 2475 1486 2561 Dactylum

233 2579 348 2662 semper
363 2578 522 2664 interjiciut
536 2579 689 2641 medium:
711 2582 791 2642 unde
806 2596 836 2643 et
853 2580 1073 2664 Heptasyllabom
1089 2578 1155 2642 fieri
1169 2581 1281 2642 necesse
1296 2578 1348 2640 est.
1386 2580 1486 2670 Qod

173 2727 178 2738 .
232 2685 315 2746 addit
336 2683 415 2744 idem
438 2681 511 2744 alios
535 2681 711 2768 Symptyelon‚
733 2682 807 2747 alios
821 2683 1020 2769 Anapesticum
1043 2683 1151 2759 dicere,
1173 2704 1276 2746 vereor
1297 2698 1332 2745 ut
1346 2684 1487 2748 alterutri

232 2788 306 2870 quid
323 2786 372 2848 srbi
388 2786 490 2860 velint,
513 2785 581 2848 satis
596 2785 814 2850 intellexerint:
835 2809 891 2871 nec
907 2789 990 2850 enim
1004 2786 1190 2850 Pherecratis
1204 2786 1292 2880 verita
1303 2787 1345 2877 ¹de
1354 2788 1422 2870 pede
1436 2789 1486 2849 A.

231 2889 341 2973 napesto
356 2889 505 2972 ceperim:
527 2909 597 2951 cum
616 2889 813 2974 Hephaestion
829 2890 974 2980 Metricus
987 2889 1212 2953 Pherecratium
1228 2890 1487 2972 Hephthemimeres

231 2991 410 3078 Antffpassico
424 2993 525 3076 generi
540 2991 681 3069 vindicet,
704 2993 744 3055 ita
763 2994 874 3057 scilicet
888 2995 1000 3078 patitur
1014 3008 1048 3056 ut
1063 2993 1226 3084 Epitritum
1241 3004 1381 3076 quartum
1398 3016 1486 3058 com-

227 3101 333 3184 plicet,
349 3117 419 3158 eum
434 3095 562 3180 Epitrito
577 3095 675 3180 primo
690 3098 776 3181 cujus
793 3098 897 3160 ultima
913 3097 1025 3160 deficit.
1069 3102 1259 3165 Aenariam
1272 3113 1359 3159 vocat
1373 3112 1403 3160 et
1416 3109 1484 3162 alea-

232 3205 344 3287 oalgmae
358 3210 427 3264 noval
442 3189 598 3266 dnandteae
620 3201 690 3282 quia
710 3199 891 3262 Troehaicam
905 3215 1043 3283 protemen
1062 3200 1174 3262 claudit
1193 3200 1314 3262 Iombica
1328 3202 1484 3263 catalexis:

231 3323 302 3364 cum
324 3303 371 3366 lrae
393 3303 591 3386 conjugationes
610 3303 660 3364 fibi
676 3317 784 3367 mutuo
798 3306 989 3390 adversentur.
1035 3304 1275 3388 Sesqassptenaria
1290 3304 1420 3367 clausula
1434 3305 1486 3366 di-

231 3407 310 3468 citur
325 3409 406 3490 quod
422 3406 516 3468 tribus
532 3406 688 3491 dissyllabis
703 3407 829 3490 pedibus
844 3408 963 3472 biseclis
978 3409 1099 3470 accedat
1114 3407 1249 3490 semipes.
1271 3415 1419 3480 'Aedemone
1429 3408 1485 3473 hic

230 3510 261 3570 id
283 3512 379 3572 valete
402 3511 519 3572 videtur
533 3511 615 3602 quod
633 3510 665 3572 in
679 3511 790 3574 Ionicis
805 3519 968 3586 'Arium-ae.
1012 3511 1070 3574 Pes
1085 3510 1166 3572 enim
1181 3509 1292 3594 septem
1308 3527 1484 3595 temporum

228 3635 301 3675 cum
324 3615 398 3696 pede
414 3613 547 3696 quinque
562 3607 740 3698 *temporum
760 3615 846 3676 srmul
868 3613 958 3676 sumti
979 3615 1094 3698 pundla
1116 3613 1281 3702 conficiunt
1300 3616 1483 3680 duodecimi

231 3730 264 3778 ut
281 3717 456 3792 Dimetrum,
479 3697 741 3802 quamvis'syllaba
756 3717 888 3792 deficiat,
909 3735 1010 3780 tamen
1025 3739 1078 3801 per
1093 3717 1170 3778 hanc
1186 3717 1332 3798 Epiploeen
1345 3721 1426 3780 velut
1441 3697 1482 3783 ex

164 3809 166 3818 '
228 3820 443 3902 reperculloohe
462 3819 557 3904 justos
576 3819 704 3882 absolvat
725 3837 876 3883 numeros.
920 3819 991 3883 Post
1007 3821 1200 3903 Asclepiaden
1214 3819 1285 3882 bina
1298 3822 1421 3904 ponitur
1435 3823 1483 3886 se-

231 3939 341 4006 quente
359 3923 519 4007 Glyconio.
543 3924 580 3986 L.
602 3945 627 3984 1.
643 3923 705 3986 Od.
724 3944 753 4008 5.
775 3946 823 4003 14.
841 3939 891 3988 11.
909 3943 960 4007 23.
976 3941 1006 3986 et
1020 3925 1058 3984 L.
1076 3945 1105 4007 3.
1121 3923 1183 3986 Od.
1201 3943 1229 4005 7.
1251 3945 1298 4007 13·
1378 3959 1383 3977 ι

272 4049 303 4106 4.
328 4027 487 4113 Glyconium
504 4027 722 4114 Oelrasyllabum,·
747 4027 865 4090 duobus
886 4027 1026 4116 Dadlylis
1040 4028 1215 4115 Spondeum
1231 4031 1373 4113 praejacit.
1416 4030 1483 4094 Lo-

228 4155 299 4196 cum
315 4131 434 4193 sortitur
449 4133 528 4215 apud
543 4133 651 4194 Horat.
674 4133 721 4194 vel
736 4147 805 4194 ante
821 4133 933 4216 lingula
948 4133 1153 4215 Asclepiadea,
1176 4133 1222 4193 vel
1237 4133 1303 4215 post
1318 4133 1388 4203 bina
1404 4154 1480 4198 cum

228 4236 429 4312 Pherecratio,
444 4237 491 4298 vel
507 4235 636 4318 denique
651 4236 716 4319 poll
732 4251 826 4299 terna.
871 4234 1019 4319 Hemiepas
1033 4237 1152 4298 dicitur.
1198 4237 1425 4302 Animadvertas
1440 4241 1482 4301 li-

148 4345 152 4362 '
228 4359 277 4407 eet
293 4343 450 4428 Glyconium
467 4325 644 4402 Pherecratio
653 4343 820 4429 praemffrm
833 4340 960 4426 conficere
974 4342 1149 4425 Priapeium,
1165 4343 1317 4424 quomodo
1329 4343 1478 4410 Catullum

460 4496 532 4543 Hunc
543 4494 623 4544 lucum
635 4495 680 4544 tibi
690 4493 774 4545 dedico
785 4497 949 4559 confectoque,
960 4497 1052 4561 Priape.
1120 4499 1228 4546 Vrncrt.

460 4581 506 4629 Cui
517 4595 564 4628 non
576 4573 653 4630 cletus
664 4581 741 4646 Hylas
751 4598 811 4647 puer
822 4595 845 4630 et
857 4583 959 4630 Latonia
970 4581 1062 4631 Delos?

272 4713 301 4776 ς.
326 4691 531 4754 Tetrametrnm
547 4695 735 4780 Danylicam.
780 4697 813 4758 Si
828 4699 934 4760 definit
949 4699 980 4759 in
996 4699 1173 4783 Spondeum
1187 4702 1393 4764 Archilochium
1398 4736 1409 4773 ,·
1434 4705 1480 4766 fin

228 4800 260 4862 in
274 4799 451 4885 Daelylum,
467 4800 656 4900 Alamaniaoa.
704 4803 881 4868 llexametri
902 4805 999 4881 κόμμι
1020 4805 1141 4886 egaeae.
1165 4829 1201 4870 ex
1223 4822 1307 4889 parte
1329 4807 1480 4893 superiore
