3167 5542
65 496 155 559 ΒΑΤ.
172 496 230 551 vl.
462 494 719 581 SERMONUM
741 494 828 549 ΜΒ.
848 494 876 547 1.

544 788 735 863 SATIRA
758 788 817 859 VI.

333 992 375 1042 IN
394 992 603 1041 DERISORES
621 989 837 1038 NATALIUM
857 988 1028 1054 sopitum.

57 1149 126 1209 Cum
140 1148 288 1221 Horatius,
304 1148 433 1209 libertino
446 1162 524 1227 patre
538 1160 627 1215 natus,
646 1145 830 1205 aMaecenate
843 1144 871 1202 in
886 1166 1031 1204 numerum
1045 1144 1194 1203 amicorum
1209 1144 1310 1207 relatus

93 1238 172 1297 esset:
194 1237 294 1297 invidia
307 1236 468 1304 multorum,
482 1236 605 1313 inprimis
618 1233 761 1316 nobilium,
775 1233 837 1291 inde
851 1247 993 1293 commota
1006 1232 1057 1290 eise
1071 1232 1188 1291 videtur.
1212 1234 1309 1315 Qare

93 1324 137 1383 hic
150 1324 316 1403 potiffimum
330 1322 385 1381 hoc
398 1322 467 1403 agit,
483 1338 516 1381 ut
530 1320 711 1381 Maeeenatem
725 1320 865 1379 desendet.
902 1322 973 1387 Etfi,
988 1319 1089 1397 inquit,
1103 1332 1147 1389 tu,
1161 1320 1310 1388 Maecenas,

93 1410 214 1469 omnium
235 1408 418 1469 Etruscorum
437 1429 466 1466 es
485 1407 717 1488 generosissimum
739 1428 792 1465 non
814 1422 906 1465 tamen
929 1428 982 1476 me,
1003 1420 1036 1465 ut
1052 1406 1177 1485 plerique
1195 1406 1312 1477 nobiles,

92 1496 214 1574 spernis:
235 1520 298 1557 nam
318 1518 373 1556 non
394 1511 452 1555 tem
471 1516 569 1575 genus,
590 1520 672 1577 quam
693 1498 814 1556 animum
833 1511 863 1556 et
881 1516 971 1555 mores
989 1496 1103 1575 [pestes.
1144 1496 1209 1567 ,Scis
1225 1496 1311 1567 enirn,

93 1584 193 1646 multos
211 1584 308 1645 humili
324 1585 390 1648 looo
406 1596 485 1643 natos
503 1583 580 1645 suillo
597 1586 700 1663 probos
719 1599 747 1645 et
765 1584 916 1645 bonoribus
935 1584 1005 1663 reip.
1023 1596 1146 1653 ornatos,
1166 1598 1195 1643 et
1212 1598 1312 1644 contra

92 1672 266 1743 nobilissimos
281 1672 405 1733 homines
418 1674 456 1730 ob
469 1672 531 1730 vitae
545 1674 744 1751 turpitudinem
758 1673 846 1733 tulille
860 1672 1006 1751 repulsam.
1047 1672 1236 1731 Veruntamen
1250 1692 1311 1739 nos,

92 1760 138 1836 qui
151 1776 179 1821 et
193 1762 295 1843 genere
308 1778 337 1821 et
349 1758 489 1820 sententiis
502 1780 518 1817 a
531 1760 615 1839 vulgo
629 1760 823 1839 discrepamus,
838 1780 893 1816 non
908 1760 1041 1817 debemus
1054 1760 1155 1839 majora
1170 1771 1311 1837 appetere,

92 1868 125 1905 ne
141 1848 168 1907 in
187 1848 318 1909 invidiam
332 1862 360 1907 et
373 1847 473 1926 justam
487 1845 628 1905 hominum
644 1848 814 1907 incurramus
827 1845 1073 1922 reprehensionem,
1091 1858 1124 1903 ut
1137 1842 1239 1903 Tillius
1252 1844 1313 1921 qui·

91 1934 163 2003 darn,
180 1950 210 1995 et
228 1935 273 1994 alii
291 1934 434 2016 ignobiles.
476 1932 577 2010 Atque
595 1932 683 2011 ipsum
699 1952 753 2002 me,
772 1930 901 1991 hbertino
911 1939 994 2008 'patre
1007 1943 1115 1999 uatum,
1132 1951 1227 1989 onmes
1239 1930 1313 1990 clau·
1356 1962 1364 1971 ·

90 2020 182 2080 culum
196 2024 335 2091 mordent,
350 2021 415 2079 olim
430 2022 506 2097 quod
520 2022 664 2081 cohortem
673 2018 814 2087 duxerim,
829 2039 901 2077 nunc
916 2040 993 2086 vero,
1007 2019 1084 2094 quod
1098 2017 1160 2085 tibi,
1174 2016 1314 2077 Meceni·

91 2107 136 2164 srm
151 2109 306 2179 convislor,
316 2128 454 2187 quamque
468 2106 574 2185 injuria.
616 2108 700 2185 Nam,
718 2128 769 2185 pro
783 2120 832 2163 tua
846 2104 874 2162 in
888 2104 983 2165 amicis
996 2104 1147 2187 deligendis
1159 2103 1313 2185 diligentis,

91 2214 143 2251 non
162 2197 228 2256 casu
246 2219 289 2255 me
306 2196 377 2254 inter
389 2208 454 2253 tuos
467 2195 602 2273 recepisti,
620 2195 667 2253 sed
681 2193 906 2253 commendatum
920 2214 937 2252 a
951 2192 1072 2274 Virgilio
1085 2192 1237 2270 Varioque,
1253 2205 1283 2251 et
1296 2214 1313 2251 a

89 2294 174 2343 ternet
192 2284 254 2364 ipso
272 2284 435 2362 spestatum,
453 2282 518 2359 quia
534 2301 609 2340 meos
623 2303 712 2341 mores
726 2294 754 2339 et
768 2280 853 2339 vitam
869 2280 1000 2359 proballi,
1018 2302 1101 2358 quam
1114 2279 1214 2359 optimi
1226 2280 1313 2359 patris

89 2388 159 2427 curae
174 2386 203 2431 et
217 2370 283 2430 fidei
297 2371 398 2437 debeo,
412 2368 459 2445 qui
473 2368 500 2425 in
515 2390 558 2427 me
572 2370 738 2427 instituendo
753 2366 835 2426 nullis
848 2366 981 2425 sumtibus
994 2367 1128 2445 pepercit.
1155 2368 1251 2453 Qare
1261 2387 1312 2429 nec

89 2454 184 2517 melior
196 2473 289 2539 pater,
303 2478 354 2516 nec
367 2456 474 2540 gratior
487 2456 549 2516 vitae
564 2456 688 2517 conditio
704 2455 867 2536 contingere
881 2453 1010 2532 potuisset
1023 2454 1100 2515 mihi.

56 2618 167 2735 Nou,
185 2644 281 2742 quia,¹
297 2646 483 2733 Maecenas,
499 2644 678 2741 Lydorum
696 2641 857 2738 quicquid
874 2640 1032 2714 Etruscos

56 2758 194 2833 lncoluit
211 2762 312 2849 fines,
329 2784 440 2833 nemo'
449 2760 642 2858 generosior
659 2758 705 2829 est
722 2775 778 2847 te3

54 2874 135 2963 Nec,
151 2879 250 2974 quod
267 2902 349 2949 avus
368 2876 429 2948 tibi
445 2893 618 2949 maternus
636 2874 700 2945 fuit
717 2893 818 2970 atque
834 2891 1007 2967 patemus,

56 2990 144 3065 Olim
161 2996 222 3091 qui
239 2993 372 3091 magnis
390 2994 578 3091 legionibus
595 2991 863 3087 imperitarent,

45 3105 102 3177 .Ut
116 3109 271 3208 plerique
287 3109 407 3197 solent,
424 3109 503 3181 naso
518 3108 685 3205 suspendis
703 3108 837 3179 adunco

54 3222 201 3319 Ignotos,
219 3244 258 3299 ut
277 3250 332 3297 me
350 3226 504 3298 libertino
521 3242 615 3321 patre
632 3242 761 3296 natum.

55 3340 139 3412 Cum
155 3338 285 3417 referre
303 3366 421 3440 negas,
439 3343 531 3438 quali
548 3343 587 3413 fit
604 3342 743 3438 quisque
759 3358 898 3435 parente

52 3455 168 3549 Natus,
186 3460 274 3532 dum
291 3460 473 3558 ingenuus.
511 3459 693 3531 Persuades
711 3458 776 3529 hoc
794 3458 854 3528 tibi
871 3482 962 3545 vere,

83 3718 402 3782 superimminentem
416 3722 493 3768 MSS.
517 3722 687 3785 imperitanrnt
700 3722 759 3768 Z.et
773 3720 838 3769 Chab.
862 3720 1063 3784 imperitarintal.
1085 3720 1276 3787 imperitantis.

114 3800 163 3847 -7
183 3788 268 3853 Neget
278 3790 328 3853 conj.
341 3788 424 3854 Bonfin.

84 3982 125 4019 101
138 3974 224 4035 Ds'djcn
238 3990 269 4024 ex
281 3974 378 4041 Epicuri
387 3974 478 4041 scriptis
488 3974 583 4033 scilieet,
592 3988 662 4042 atque
728 3991 744 4034 4
755 3978 848 4041 Magnis
859 3982 896 4041 qui
902 3980 998 4041 gentibus
1006 3981 1170 4043 imperitarum
1183 3978 1310 4028 Lueretius

50 4036 158 4088 Lucretii.
695 4046 734 4091 111.
749 4058 821 4101 1041.
834 4044 978 4093 monstrante
989 4045 1114 4094 Lambino.

82 4116 124 4165 103
137 4108 229 4176 ‘l'rfim
243 4109 354 4157 humanis
366 4108 451 4157 scilieet
464 4109 533 4158 rebus
545 4111 661 4169 intentos3
729 4113 814 4175 Longe
825 4111 909 4159 melius
917 4118 1065 4177 imperitarent
1072 4112 1181 4169 Bentleii,
1189 4118 1309 4177 mamis·

50 4182 102 4229 quas
115 4172 170 4224 deos
185 4176 311 4241 negligere
326 4188 403 4240 putat,
419 4193 448 4225 ne·
464 4179 560 4241 negotia
574 4176 615 4227 fibi
626 4179 662 4226 le·
690 4184 816 4244 periturint.
851 4181 877 4225 ln
890 4179 935 4226 hoe
944 4191 1051 4243 tempore
1060 4180 1143 4244 saepius
1151 4180 1309 4230 allucinantur

49 4235 128 4288 cellam
145 4253 169 4289 et
187 4244 285 4293 delicias
301 4245 438 4307 iussaeque
454 4246 502 4292 otia
519 4244 660 4309 relinquant.
694 4246 799 4295 Librarii
809 4246 960 4305 iudofflores,
966 4248 997 4295 ob
1006 4258 1076 4296 tenue
1083 4259 1219 4311 temporum
1227 4248 1309 4297 discri-

52 4303 133 4354 Ornnes
143 4309 172 4357 de
184 4312 226 4359 suo
239 4312 337 4375 ingenio
348 4310 389 4361 libi
402 4312 474 4360 deum
482 4311 591 4377 linguon
603 4315 660 4379 Epi·
693 4330 755 4362 men.
1275 4338 1279 4347 ·

49 4372 108 4419 curel
119 4376 273 4439 Epicureum.
725 4396 739 4441 5
754 4384 816 4445 Naso
822 4384 930 4446 firspendis
940 4385 1033 4435 adunem-
1051 4386 1106 4446 quod
1113 4383 1176 4447 vulga
1189 4386 1260 4429 dicunt
1272 4386 1289 4428 d

81 4452 124 4497 104
136 4444 279 4513 Brundrfium
292 4462 306 4495 a
322 4447 422 4495 cervinis
436 4446 545 4497 cornibus
556 4447 659 4514 appella·
683 4452 773 4513 finuqs.
790 4451 846 4497 Veh
859 4448 935 4496 Schol.
965 4453 1014 4517 ,ἧκέ
1024 4454 1122 4497 irridenti
1132 4450 1308 4511 heniensium

49 4510 109 4553 lum:
127 4522 183 4559 llam
194 4512 307 4563 AEolibus
318 4513 398 4581 spiriru
410 4530 498 4563 cervus.
684 4518 788 4579 fuciunt:
801 4517 828 4581 est
837 4519 982 4578 mrtemsan'na
994 4519 1134 4579 rfiufllutus
1144 4534 1215 4563 eorum
1225 4520 1262 4578 qui
1271 4521 1309 4564 de·

485 4622 490 4633 ,
690 4587 750 4629 tortis
762 4585 848 4629 naribus
852 4585 945 4645 sonitum
956 4588 1053 4630 mittrmt
1063 4588 1085 4629 in
1094 4586 1182 4647 alicqs‘m
1186 4584 1307 4650 fastidirem.

290 4650 416 4697 SAT.V1.
690 4652 745 4698 Vct.
758 4650 837 4697 Sebol.
851 4652 924 4713 Cruq.
959 4652 1031 4699 Hune
1046 4650 1148 4699 sonitum
1161 4648 1307 4700 Rbonclrum

80 4710 172 4774 ILydia
186 4718 289 4777 pendam
301 4720 394 4780 prsfie‘ii
408 4720 508 4764 incolum
520 4718 656 4766 Hetruriam.
689 4718 813 4765 dixerunt:
833 4721 946 4781 Nusquam
957 4723 1045 4782 πψτη
1058 4720 1149 4766 rhombi.
1167 4716 1295 4766 Martialis.

48 4770 98 4819 Vct.
110 4778 185 4827 Schol.
211 4782 253 4829 Est
265 4794 345 4831 autem
356 4783 394 4831 hie
406 4786 546 4833 'nieustria
558 4786 654 4850 Figura:
722 4784 737 4831 6
754 4786 839 4832 Minus
855 4785 888 4833 est
905 4788 976 4833 Notus
991 4800 1064 4847 quam
1079 4787 1173 4842 Nobilis,
1190 4796 1215 4833 et
1230 4784 1307 4847 majus

49 4836 122 4912 l'usuit
136 4846 199 4894 enim
214 4865 259 4911 pro
275 4857 362 4897 omnium
377 4856 414 4915 qni
427 4854 527 4899 incoluere
535 4876 543 4907 ,·
562 4857 660 4919 quiequid
688 4855 774 4915 Ignotus
787 4867 858 4915 quam
869 4855 986 4916 Ignobilis:
1002 4862 1094 4900 namet
1106 4854 1201 4903 Servius
1211 4850 1309 4912 Tullius,

47 4909 132 4971 saeuire,
142 4914 206 4979 quod
218 4917 324 4979 Comieae
335 4918 489 4987 negligentia
500 4918 539 4972 est.
688 4920 787 4986 gualdis
799 4931 858 4980 erat,
871 4934 918 4969 non
930 4919 1015 4972 itidem
1026 4922 1120 4986 Ignotus.
1158 4934 1161 4939 ·
