3167 5542
64 726 1311 765 W,

196 934 245 1047 ι’
417 1000 473 1115 Q
542 1000 955 1081 Honnru

176 1206 815 1392 ἱιιιίιι
931 1234 1169 1425 ιι

336 1519 985 1645 Ιειιιιιοιιιιιι

497 1744 632 1808 leER
648 1746 885 1809 SECUNDUS.

1216 2017 1221 2039 s

80 2054 1313 2089 m

486 2360 811 2485 'smmi

69 2604 100 2663 sn
113 2600 233 2682 quendam
247 2585 430 2678 q-aiAaionem
443 2596 584 2679 defimpss
596 2598 681 2658 ddelsrs
694 2600 806 2659 Horatio
819 2597 963 2657 ιἰιιιιιιιιιιιι
985 2594 1022 2657 Β.
1056 2598 1102 2659 Ut
1115 2610 1246 2659 conatum
1260 2600 1321 2660 suo·

106 2712 165 2750 rum
182 2688 402 2749 obtrectatorum
419 2708 518 2745 vanum
535 2685 597 2755 else,
616 2706 665 2745 nec
683 2686 710 2745 se
728 2708 744 2745 a
761 2684 849 2747 satiris
866 2684 1013 2747 sembendie
1031 2684 1143 2745 istorum
1155 2686 1321 2747 clamon‘bur

106 2792 250 2837 avocatum
267 2774 300 2834 iri
322 2774 486 2855 ostenderet,
503 2773 584 2833 linxit
597 2775 671 2833 bunc
684 2774 767 2855 longe
781 2773 960 2833 suavissimum
977 2773 1238 2878 sacetillimumque
1235 2776 1321 2835 dialo-

106 2884 172 2941 gum
189 2860 356 2920 Horatius
347 2874 420 2920 mter
437 2860 464 2919 se
477 2860 564 2939 ipsum
578 2873 607 2919 et
620 2860 796 2931 Trebatium,
813 2860 902 2919 virum
915 2858 1096 2920 dostiffimum
1110 2873 1139 2919 et
1153 2859 1222 2940 juria
1236 2860 1322 2921 civilia
1381 2920 1385 2923 ,
1416 2884 1421 2897 ’

106 2948 302 3027 peritislimum,
320 2968 437 3027 eumque
455 2960 488 3006 et
502 2946 613 3027 ingenio
633 2962 662 3007 et
678 2948 783 3007 facetiis
797 2946 1056 3015 excellentillimum,
1075 2961 1107 3005 ut
1120 2968 1154 3005 ex
1168 2948 1322 3016 ciceronis,

107 3056 162 3113 quo
179 3031 378 3093 samiliariffime
397 3032 459 3092 nsua
476 3048 545 3103 erat,
563 3032 682 3111 epillolie
699 3034 815 3094 constat.
856 3034 931 3093 Cum
948 3032 1042 3110 satirae
1060 3054 1144 3101 mear,
1162 3033 1263 3111 inquit,
1280 3034 1323 3093 vel

108 3119 184 3179 nimie
197 3120 321 3187 acerbae,
338 3118 381 3177 rel
399 3116 478 3197 plane
492 3118 563 3179 leves
577 3134 605 3178 et
619 3118 710 3186 futiles
724 3120 774 3179 esse
788 3120 882 3180 dicant
896 3118 1039 3182 nonnulli:
1061 3118 1130 3196 quid
1142 3119 1210 3179 mihi
1223 3120 1324 3181 faciem

108 3208 172 3267 dum
188 3207 232 3274 lit,
249 3204 396 3282 responde.
439 3203 518 3265 Treb.
541 3206 586 3267 Ne
599 3206 699 3267 scribas
712 3201 811 3267 versui.
853 3209 922 3268 Hor.
947 3206 1052 3266 Reele:
1074 3221 1114 3275 at,
1132 3206 1180 3265 nifi
1197 3207 1323 3286 scribam,

109 3312 202 3369 capere
220 3291 346 3351 somnum
364 3312 419 3350 non
439 3291 555 3370 possum.
599 3288 677 3349 Tres.
701 3293 801 3370 Itaque
818 3307 867 3353 aut
884 3304 980 3352 natato
997 3292 1134 3361 Tibenm,
1155 3306 1203 3351 aut
1220 3292 1324 3373 largior

111 3376 158 3435 sub
175 3378 285 3435 nostem
304 3375 394 3436 bibito
412 3397 539 3446 mecum
560 3389 618 3444 aut,
639 3376 809 3438 fiscnbendi
827 3379 964 3457 cupiditas
979 3391 1008 3436 te
1021 3378 1155 3445 invaserit,
1175 3398 1218 3436 ree
1235 3378 1324 3457 gestae
1361 3428 1363 3432 .

111 3462 232 3543 Augusti
245 3461 367 3521 scubito.
403 3463 472 3523 Hor.
492 3462 610 3522 Audio:
629 3462 674 3521 sed
689 3466 723 3521 ad
737 3466 808 3524 banc
821 3486 878 3523 rem
893 3465 966 3523 deest
979 3462 1069 3521 milri
1060 3463 1209 3543 ingenium.
1242 3461 1333 3523 Tres.

112 3549 245 3609 Attamen
264 3570 327 3608 eum
348 3564 379 3608 ut
395 3549 498 3629 justum
517 3564 545 3609 et
566 3549 666 3609 sortem
681 3565 760 3628 poter
774 3553 901 3623 scnbere,
920 3552 1150 3631 quemadmodum
1165 3550 1323 3629 Scipionem

112 3635 253 3697 celebravit
267 3634 404 3696 Lucilius.
446 3638 516 3697 Hor.
537 3636 658 3713 Operam
673 3638 737 3697 huic
751 3639 790 3696 rei
804 3640 889 3708 dabo,
902 3658 967 3697 cum
979 3635 1112 3715 temporie
1124 3636 1196 3697 ratio
1208 3636 1323 3695 tulerit:

112 3720 209 3801 alioqui
228 3722 348 3782 carmina
368 3742 428 3781 mea
445 3724 489 3782 ille
509 3744 562 3780 non
583 3724 667 3804 leget,
688 3739 716 3783 et
737 3746 780 3783 me
799 3726 1015 3803 inopportunum
1033 3721 1214 3800 repudiabit..
1242 3722 1322 3783 Treb.

113 3806 268 3869 Consultiun
288 3808 343 3866 hoc
364 3808 426 3877 erit,
447 3830 529 3887 quam
551 3810 637 3868 satiris
658 3810 805 3871 scribendis
825 3810 918 3869 odium
940 3808 1081 3869 hominum
1101 3809 1129 3867 in
1147 3823 1176 3867 te
1193 3808 1322 3869 excitare.

115 3892 180 3952 Hor.
202 3898 258 3955 Sua
278 3894 391 3973 quisque
412 3910 523 3955 tenetur
544 3898 703 3975 voluptate:
727 3909 755 3955 et
776 3918 819 3955 me
840 3898 958 3955 delectat
978 3894 1093 3955 scribere
1110 3896 1211 3965 reisue,
1231 3894 1325 3975 quales
1411 3901 1419 3915 '

115 3981 247 4054 Luciliue,
265 3984 295 4041 b.
309 4005 334 4041 e.
354 3982 457 4043 satirae.
500 3984 588 4043 Hunc
605 3985 712 4063 sequor,
731 4005 896 4062 quamquam
910 4005 964 4063 ego
978 4004 1033 4041 non
1047 3983 1105 4042 sum
1121 3983 1274 4053 Romanus,
1292 3996 1325 4050 ιιι

114 4066 168 4137 ille,
184 4070 229 4129 sed
250 4070 302 4127 five
321 4067 456 4147 Appulus
472 4070 523 4127 sive
543 4072 691 4130 Lucanuae
713 4092 755 4129 res
774 4070 846 4129 enim
863 4070 901 4128 est
915 4070 1027 4129 incerta.
1067 4070 1173 4128 Verum
1187 4071 1261 4129 ultro
1279 4090 1326 4127 ne-

116 4154 209 4214 minem
224 4176 344 4233 uuquam
358 4155 463 4234 scriptia
477 4156 611 4225 lacessam,
629 4158 677 4217 nili
691 4158 835 4227 lacellitue,
853 4159 929 4255 quod
942 4158 1023 4218 Deua
1035 4170 1159 4215 avenat
1181 4157 1238 4216 sum
1253 4156 1325 4214 enim

118 4242 187 4314 pacis
203 4244 328 4323 cupidua.
370 4244 459 4324 Qod
477 4243 494 4299 fi
515 4264 578 4301 vcro
596 4246 657 4338 quie
676 4266 718 4302 me
736 4244 895 4314 lacessierit3
915 4242 938 4301 ιι
955 4244 1024 4301 male
1042 4243 1177 4303 mulcatur
1193 4243 1323 4303 discedet.

119 4323 186 4384 Nam
204 4351 265 4388 cum
284 4330 310 4387 se
324 4326 437 4405 quisque
451 4328 580 4387 defendat
599 4314 679 4389 nimis
698 4330 740 4399 ιιι,
759 4330 859 4407 quibus
873 4330 989 4389 maxime
1003 4330 1094 4399 valeta
1114 4351 1178 4411 ego,
1197 4351 1325 4408 quaecun-

121 4430 170 4485 que
187 4413 246 4473 ritae
265 4436 329 4474 meae
348 4414 472 4473 conditio
486 4414 579 4473 futura
593 4416 640 4485 est,
659 4418 776 4477 versibus
790 4418 931 4495 pugnabo.
975 4412 1053 4473 Tres.
1076 4415 1201 4493 Opuer,
1220 4432 1325 4485 metuo,

120 4514 150 4551 ne
163 4495 209 4566 ita,
223 4500 313 4581 magni
327 4490 376 4557 viri
391 4500 509 4560 amicitia
523 4503 623 4572 amissa,
637 4526 693 4582 prae
708 4504 870 4583 egritudine
883 4500 958 4561 brevi
971 4522 1075 4578 pereae.
1110 4504 1180 4563 Hor.
1201 4504 1248 4563 At
1262 4524 1327 4581 pro·
1362 4512 1365 4520 '

121 4581 162 4638 eul
177 4586 274 4656 abfuit,
293 4602 324 4647 ut
343 4588 447 4648 Laelius
460 4604 488 4649 et
504 4591 598 4669 Scipio
613 4591 698 4650 satiris
713 4592 827 4661 Lucilii,
846 4591 945 4668 quibua
959 4604 987 4647 et
988 4611 1145 4669 procerum
1158 4607 1188 4650 et
1201 4591 1326 4651 multitu-

122 4665 185 4726 dinie
201 4672 264 4731 vitia
281 4675 543 4755 perstringebantur,
562 4676 775 4746 offenderentur,
794 4691 826 4736 ut
845 4698 878 4734 ιο
896 4666 1064 4735 familiariter
1082 4691 1232 4736 uterentur.
1274 4676 1325 4736 Me

123 4772 235 4833 quoque,
255 4784 420 4844 quamquam
436 4778 463 4827 et
485 4786 584 4845 genere
602 4780 631 4825 et
650 4764 761 4845 ingenio
780 4764 924 4842 disparem,
948 4778 1040 4823 tamen
1057 4785 1121 4825 cum
1139 4763 1202 4825 riria
1219 4761 1329 4853 magnit
