<?xml version="1.0" encoding="UTF-8"?>
<!DOCTYPE html PUBLIC "-//W3C//DTD XHTML 1.0 Transitional//EN"
    "http://www.w3.org/TR/xhtml1/DTD/xhtml1-transitional.dtd">
<html xmlns="http://www.w3.org/1999/xhtml" xml:lang="en" lang="en">
 <head>
  <title>
</title>
<meta http-equiv="Content-Type" content="text/html;charset=utf-8" />
  <meta name='ocr-system' content='tesseract 3.04.00' />
  <meta name='ocr-capabilities' content='ocr_page ocr_carea ocr_par ocr_line ocrx_word'/>
</head>
<body>
  <div class='ocr_page' id='page_1' title='image "./qhoratiiflaccio00zeungoog/qhoratiiflaccio00zeungoog_0028.png"; bbox 0 0 3167 5542; ppageno 0'>
   <div class='ocr_carea' id='block_1_1' title="bbox 0 0 12 1583">
    <p class='ocr_par' dir='ltr' id='par_1_1' title="bbox 0 0 12 1583">
     <span class='ocr_line' id='line_1_1' title="bbox 0 0 12 1583; baseline 0 0"><span class='ocrx_word' id='word_1_1' title='bbox 0 0 12 1583; x_wconf 95' lang='lat' dir='ltr'> </span> 
     </span>
    </p>
   </div>
   <div class='ocr_carea' id='block_1_2' title="bbox 434 1100 1313 1247">
    <p class='ocr_par' dir='ltr' id='par_1_2' title="bbox 434 1100 1313 1247">
     <span class='ocr_line' id='line_1_2' title="bbox 434 1100 1313 1247; baseline 0.001 -51"><span class='ocrx_word' id='word_1_2' title='bbox 434 1131 440 1146; x_wconf 89' lang='lat'><strong>·</strong></span> <span class='ocrx_word' id='word_1_3' title='bbox 490 1100 903 1200; x_wconf 84' lang='lat' dir='ltr'>PRAESIDIA</span> <span class='ocrx_word' id='word_1_4' title='bbox 939 1101 1313 1247; x_wconf 64' lang='lat' dir='ltr'>QUAEDAM</span> 
     </span>
    </p>
   </div>
   <div class='ocr_carea' id='block_1_3' title="bbox 654 1359 1144 1459">
    <p class='ocr_par' dir='ltr' id='par_1_3' title="bbox 654 1359 1144 1459">
     <span class='ocr_line' id='line_1_3' title="bbox 654 1359 1144 1459; baseline -0.012 -13"><span class='ocrx_word' id='word_1_5' title='bbox 654 1359 829 1459; x_wconf 74' lang='lat' dir='ltr'>umus</span> <span class='ocrx_word' id='word_1_6' title='bbox 852 1361 1144 1441; x_wconf 65' lang='lat' dir='ltr'>cormones</span> 
     </span>
    </p>
   </div>
   <div class='ocr_carea' id='block_1_4' title="bbox 268 1977 1578 2627">
    <p class='ocr_par' dir='ltr' id='par_1_4' title="bbox 268 1977 1578 2627">
     <span class='ocr_line' id='line_1_4' title="bbox 271 1977 1578 2109; baseline 0.002 -27"><span class='ocrx_word' id='word_1_7' title='bbox 271 2017 298 2082; x_wconf 89' lang='lat'>1.</span> <span class='ocrx_word' id='word_1_8' title='bbox 314 1977 457 2086; x_wconf 63' lang='lat' dir='ltr'>Han·</span> <span class='ocrx_word' id='word_1_9' title='bbox 466 2019 652 2087; x_wconf 71' lang='lat' dir='ltr'>snronecs</span> <span class='ocrx_word' id='word_1_10' title='bbox 661 2020 837 2088; x_wconf 59' lang='lat' dir='ltr'>sasemis</span> <span class='ocrx_word' id='word_1_11' title='bbox 847 2021 1054 2108; x_wconf 67' lang='lat' dir='ltr'>oostngmrs</span> <span class='ocrx_word' id='word_1_12' title='bbox 1064 2004 1210 2088; x_wconf 64' lang='lat' dir='ltr'>cosam</span> <span class='ocrx_word' id='word_1_13' title='bbox 1220 2023 1324 2089; x_wconf 64' lang='lat' dir='ltr'>cnam</span> <span class='ocrx_word' id='word_1_14' title='bbox 1333 2020 1524 2109; x_wconf 63' lang='lat' dir='ltr'>bombycis,</span> <span class='ocrx_word' id='word_1_15' title='bbox 1574 2024 1578 2030; x_wconf 91' lang='lat'>·</span> 
     </span>
     <span class='ocr_line' id='line_1_5' title="bbox 270 2122 1524 2212; baseline 0.003 -28"><span class='ocrx_word' id='word_1_16' title='bbox 270 2122 400 2209; x_wconf 73' lang='lat' dir='ltr'><strong>eleganti</strong></span> <span class='ocrx_word' id='word_1_17' title='bbox 414 2145 507 2190; x_wconf 88' lang='lat' dir='ltr'>manu</span> <span class='ocrx_word' id='word_1_18' title='bbox 521 2125 675 2211; x_wconf 85' lang='lat' dir='ltr'>seriptum,</span> <span class='ocrx_word' id='word_1_19' title='bbox 689 2125 784 2190; x_wconf 87' lang='lat' dir='ltr'>literis</span> <span class='ocrx_word' id='word_1_20' title='bbox 798 2127 901 2212; x_wconf 80' lang='lat' dir='ltr'>quales</span> <span class='ocrx_word' id='word_1_21' title='bbox 916 2123 1021 2190; x_wconf 84' lang='lat' dir='ltr'>formis</span> <span class='ocrx_word' id='word_1_22' title='bbox 1036 2126 1096 2190; x_wconf 83' lang='lat' dir='ltr'>suis</span> <span class='ocrx_word' id='word_1_23' title='bbox 1110 2125 1204 2211; x_wconf 84' lang='lat' dir='ltr'>sculpi</span> <span class='ocrx_word' id='word_1_24' title='bbox 1217 2128 1332 2192; x_wconf 79' lang='lat' dir='ltr'>curavit</span> <span class='ocrx_word' id='word_1_25' title='bbox 1345 2125 1524 2210; x_wconf 83' lang='lat' dir='ltr'>Jeriionius:</span> 
     </span>
     <span class='ocr_line' id='line_1_6' title="bbox 269 2227 1525 2316; baseline 0.001 -25"><span class='ocrx_word' id='word_1_26' title='bbox 269 2227 443 2294; x_wconf 76' lang='lat' dir='ltr'>lecentioris</span> <span class='ocrx_word' id='word_1_27' title='bbox 458 2230 544 2294; x_wconf 89' lang='lat' dir='ltr'>illum</span> <span class='ocrx_word' id='word_1_28' title='bbox 559 2229 683 2314; x_wconf 89' lang='lat' dir='ltr'>quidem</span> <span class='ocrx_word' id='word_1_29' title='bbox 697 2229 747 2294; x_wconf 82' lang='lat' dir='ltr'>led</span> <span class='ocrx_word' id='word_1_30' title='bbox 761 2229 849 2294; x_wconf 82' lang='lat' dir='ltr'>bonae</span> <span class='ocrx_word' id='word_1_31' title='bbox 864 2243 955 2307; x_wconf 71' lang='lat' dir='ltr'>noce,</span> <span class='ocrx_word' id='word_1_32' title='bbox 970 2251 1062 2314; x_wconf 85' lang='lat' dir='ltr'>quem</span> <span class='ocrx_word' id='word_1_33' title='bbox 1072 2232 1255 2315; x_wconf 75' lang='lat' dir='ltr'>optimarum</span> <span class='ocrx_word' id='word_1_34' title='bbox 1265 2235 1443 2316; x_wconf 80' lang='lat' dir='ltr'>plemmqtre</span> <span class='ocrx_word' id='word_1_35' title='bbox 1452 2251 1525 2313; x_wconf 88' lang='lat' dir='ltr'>par·</span> 
     </span>
     <span class='ocr_line' id='line_1_7' title="bbox 269 2320 1524 2422; baseline 0.003 -28"><span class='ocrx_word' id='word_1_36' title='bbox 269 2330 347 2394; x_wconf 80' lang='lat' dir='ltr'>tium</span> <span class='ocrx_word' id='word_1_37' title='bbox 369 2333 436 2410; x_wconf 83' lang='lat' dir='ltr'>else,</span> <span class='ocrx_word' id='word_1_38' title='bbox 456 2335 576 2398; x_wconf 85' lang='lat' dir='ltr'>collatio</span> <span class='ocrx_word' id='word_1_39' title='bbox 596 2333 696 2398; x_wconf 88' lang='lat' dir='ltr'>nostra</span> <span class='ocrx_word' id='word_1_40' title='bbox 714 2335 813 2412; x_wconf 79' lang='lat' dir='ltr'>docet.</span> <span class='ocrx_word' id='word_1_41' title='bbox 856 2333 959 2400; x_wconf 81' lang='lat' dir='ltr'>Habet</span> <span class='ocrx_word' id='word_1_42' title='bbox 977 2333 1010 2397; x_wconf 93' lang='lat' dir='ltr'>in</span> <span class='ocrx_word' id='word_1_43' title='bbox 1029 2333 1165 2421; x_wconf 78' lang='lat' dir='ltr'>margine</span> <span class='ocrx_word' id='word_1_44' title='bbox 1178 2339 1354 2422; x_wconf 74' lang='lat' dir='ltr'>argumenta</span> <span class='ocrx_word' id='word_1_45' title='bbox 1368 2320 1477 2420; x_wconf 80' lang='lat' dir='ltr'>pariter</span> <span class='ocrx_word' id='word_1_46' title='bbox 1490 2349 1524 2398; x_wconf 73' lang='lat' dir='ltr'>ot</span> 
     </span>
     <span class='ocr_line' id='line_1_8' title="bbox 268 2433 1524 2524; baseline 0.002 -27"><span class='ocrx_word' id='word_1_47' title='bbox 268 2433 379 2498; x_wconf 81' lang='lat' dir='ltr'>scholia</span> <span class='ocrx_word' id='word_1_48' title='bbox 398 2438 549 2520; x_wconf 86' lang='lat' dir='ltr'>quaedam,</span> <span class='ocrx_word' id='word_1_49' title='bbox 567 2438 617 2501; x_wconf 88' lang='lat' dir='ltr'>sed</span> <span class='ocrx_word' id='word_1_50' title='bbox 635 2455 715 2522; x_wconf 80' lang='lat' dir='ltr'>quae,</span> <span class='ocrx_word' id='word_1_51' title='bbox 733 2434 852 2500; x_wconf 86' lang='lat' dir='ltr'>rubrica</span> <span class='ocrx_word' id='word_1_52' title='bbox 867 2435 1010 2523; x_wconf 79' lang='lat' dir='ltr'>fugiente.</span> <span class='ocrx_word' id='word_1_53' title='bbox 1017 2437 1135 2522; x_wconf 86' lang='lat' dir='ltr'>scripta,</span> <span class='ocrx_word' id='word_1_54' title='bbox 1150 2437 1227 2523; x_wconf 73' lang='lat' dir='ltr'>sepe</span> <span class='ocrx_word' id='word_1_55' title='bbox 1242 2440 1301 2524; x_wconf 77' lang='lat' dir='ltr'>legi</span> <span class='ocrx_word' id='word_1_56' title='bbox 1315 2457 1378 2502; x_wconf 88' lang='lat' dir='ltr'>non</span> <span class='ocrx_word' id='word_1_57' title='bbox 1391 2438 1524 2522; x_wconf 73' lang='lat' dir='ltr'>poliunt,</span> 
     </span>
     <span class='ocr_line' id='line_1_9' title="bbox 268 2539 1524 2627; baseline 0.003 -27"><span class='ocrx_word' id='word_1_58' title='bbox 268 2559 325 2602; x_wconf 91' lang='lat' dir='ltr'>nec</span> <span class='ocrx_word' id='word_1_59' title='bbox 344 2539 375 2602; x_wconf 90' lang='lat' dir='ltr'>in</span> <span class='ocrx_word' id='word_1_60' title='bbox 395 2541 431 2605; x_wconf 85' lang='lat' dir='ltr'>iis</span> <span class='ocrx_word' id='word_1_61' title='bbox 448 2540 599 2605; x_wconf 78' lang='lat' dir='ltr'>observavi</span> <span class='ocrx_word' id='word_1_62' title='bbox 617 2543 795 2626; x_wconf 86' lang='lat' dir='ltr'><strong>quidquam,</strong></span> <span class='ocrx_word' id='word_1_63' title='bbox 814 2543 898 2626; x_wconf 85' lang='lat' dir='ltr'>qubd</span> <span class='ocrx_word' id='word_1_64' title='bbox 915 2561 978 2605; x_wconf 90' lang='lat' dir='ltr'>non</span> <span class='ocrx_word' id='word_1_65' title='bbox 994 2540 1124 2606; x_wconf 85' lang='lat' dir='ltr'>babeant</span> <span class='ocrx_word' id='word_1_66' title='bbox 1141 2541 1257 2627; x_wconf 82' lang='lat' dir='ltr'><strong>antiqui</strong></span> <span class='ocrx_word' id='word_1_67' title='bbox 1270 2540 1444 2616; x_wconf 79' lang='lat' dir='ltr'>scholiastae,</span> <span class='ocrx_word' id='word_1_68' title='bbox 1459 2563 1524 2625; x_wconf 86' lang='lat' dir='ltr'>qua</span> 
     </span>
    </p>
   </div>
   <div class='ocr_carea' id='block_1_5' title="bbox 164 2644 433 2708">
    <p class='ocr_par' dir='ltr' id='par_1_5' title="bbox 164 2644 433 2708">
     <span class='ocr_line' id='line_1_10' title="bbox 164 2644 433 2708; baseline 0 0"><span class='ocrx_word' id='word_1_69' title='bbox 164 2685 166 2692; x_wconf 92' lang='lat'>·</span> <span class='ocrx_word' id='word_1_70' title='bbox 232 2649 237 2660; x_wconf 92' lang='lat'>&#39;</span> <span class='ocrx_word' id='word_1_71' title='bbox 267 2644 340 2708; x_wconf 83' lang='lat' dir='ltr'>editi</span> <span class='ocrx_word' id='word_1_72' title='bbox 355 2644 433 2708; x_wconf 88' lang='lat' dir='ltr'>sunt.</span> 
     </span>
    </p>
   </div>
   <div class='ocr_carea' id='block_1_6' title="bbox 183 2732 1528 4609">
    <p class='ocr_par' dir='ltr' id='par_1_6' title="bbox 259 2732 1528 3670">
     <span class='ocr_line' id='line_1_11' title="bbox 310 2732 1522 2836; baseline 0.002 -24"><span class='ocrx_word' id='word_1_73' title='bbox 310 2747 350 2812; x_wconf 88' lang='lat' dir='ltr'>Il.</span> <span class='ocrx_word' id='word_1_74' title='bbox 374 2749 400 2812; x_wconf 89' lang='grc' dir='ltr'>Ε</span> <span class='ocrx_word' id='word_1_75' title='bbox 421 2749 606 2814; x_wconf 83' lang='lat' dir='ltr'>Bibliotheca</span> <span class='ocrx_word' id='word_1_76' title='bbox 625 2732 724 2836; x_wconf 84' lang='lat' dir='ltr'>Regia</span> <span class='ocrx_word' id='word_1_77' title='bbox 743 2749 965 2815; x_wconf 81' lang='lat' dir='ltr'>Hannoverana</span> <span class='ocrx_word' id='word_1_78' title='bbox 985 2751 1048 2814; x_wconf 84' lang='lat' dir='ltr'>duo</span> <span class='ocrx_word' id='word_1_79' title='bbox 1067 2750 1105 2814; x_wconf 91' lang='lat' dir='ltr'>ab</span> <span class='ocrx_word' id='word_1_80' title='bbox 1124 2759 1192 2816; x_wconf 67' lang='grc' dir='ltr'>ιιι.</span> <span class='ocrx_word' id='word_1_81' title='bbox 1215 2767 1382 2827; x_wconf 75' lang='lat' dir='ltr'>scusrnro,</span> <span class='ocrx_word' id='word_1_82' title='bbox 1400 2747 1522 2814; x_wconf 84' lang='lat' dir='ltr'>fautore</span> 
     </span>
     <span class='ocr_line' id='line_1_12' title="bbox 266 2835 1528 2932; baseline 0.003 -18"><span class='ocrx_word' id='word_1_83' title='bbox 266 2871 368 2914; x_wconf 87' lang='lat' dir='ltr'>rerum</span> <span class='ocrx_word' id='word_1_84' title='bbox 385 2856 524 2916; x_wconf 89' lang='lat' dir='ltr'>omnium</span> <span class='ocrx_word' id='word_1_85' title='bbox 541 2835 701 2932; x_wconf 83' lang='lat' dir='ltr'>bonarum,</span> <span class='ocrx_word' id='word_1_86' title='bbox 715 2867 746 2916; x_wconf 92' lang='lat' dir='ltr'>et</span> <span class='ocrx_word' id='word_1_87' title='bbox 759 2853 858 2917; x_wconf 88' lang='lat' dir='ltr'>amico</span> <span class='ocrx_word' id='word_1_88' title='bbox 876 2873 945 2916; x_wconf 88' lang='lat' dir='ltr'>meo</span> <span class='ocrx_word' id='word_1_89' title='bbox 959 2854 1063 2930; x_wconf 87' lang='lat' dir='ltr'>veteri,</span> <span class='ocrx_word' id='word_1_90' title='bbox 1078 2875 1198 2918; x_wconf 88' lang='lat' dir='ltr'>mecum</span> <span class='ocrx_word' id='word_1_91' title='bbox 1213 2853 1436 2918; x_wconf 83' lang='lat' dir='ltr'>communicata</span> <span class='ocrx_word' id='word_1_92' title='bbox 1450 2852 1528 2918; x_wconf 67' lang='lat' dir='ltr'>suni</span> 
     </span>
     <span class='ocr_line' id='line_1_13' title="bbox 264 2941 1523 3044; baseline 0.002 -26"><span class='ocrx_word' id='word_1_93' title='bbox 264 2957 328 3020; x_wconf 84' lang='lat' dir='ltr'>duo</span> <span class='ocrx_word' id='word_1_94' title='bbox 346 2955 514 3044; x_wconf 84' lang='lat' dir='ltr'>fragmenta</span> <span class='ocrx_word' id='word_1_95' title='bbox 533 2959 672 3023; x_wconf 85' lang='lat' dir='ltr'>codicum</span> <span class='ocrx_word' id='word_1_96' title='bbox 686 2958 808 3023; x_wconf 82' lang='lat' dir='ltr'>Hoiatii</span> <span class='ocrx_word' id='word_1_97' title='bbox 823 2957 934 3024; x_wconf 81' lang='lat' dir='ltr'>chartae</span> <span class='ocrx_word' id='word_1_98' title='bbox 947 2956 1152 3044; x_wconf 83' lang='lat' dir='ltr'>Pergamenae,</span> <span class='ocrx_word' id='word_1_99' title='bbox 1169 2965 1187 3024; x_wconf 86' lang='lat'>8</span> <span class='ocrx_word' id='word_1_100' title='bbox 1202 2941 1277 3022; x_wconf 82' lang='lat' dir='ltr'>min.</span> <span class='ocrx_word' id='word_1_101' title='bbox 1320 2957 1432 3022; x_wconf 81' lang='lat' dir='ltr'>Unum</span> <span class='ocrx_word' id='word_1_102' title='bbox 1446 2957 1523 3022; x_wconf 61' lang='lat' dir='ltr'>ebat</span> 
     </span>
     <span class='ocr_line' id='line_1_14' title="bbox 264 3059 1523 3156; baseline 0.003 -33"><span class='ocrx_word' id='word_1_103' title='bbox 264 3059 379 3125; x_wconf 70' lang='lat' dir='ltr'>radlere</span> <span class='ocrx_word' id='word_1_104' title='bbox 398 3061 543 3147; x_wconf 78' lang='lat' dir='ltr'>scripmm</span> <span class='ocrx_word' id='word_1_105' title='bbox 561 3063 791 3149; x_wconf 83' lang='lat' dir='ltr'>Longobardico</span> <span class='ocrx_word' id='word_1_106' title='bbox 810 3061 860 3126; x_wconf 86' lang='lat' dir='ltr'>sed</span> <span class='ocrx_word' id='word_1_107' title='bbox 879 3062 947 3127; x_wconf 87' lang='lat' dir='ltr'>satis</span> <span class='ocrx_word' id='word_1_108' title='bbox 964 3063 1050 3127; x_wconf 85' lang='lat' dir='ltr'>tenui</span> <span class='ocrx_word' id='word_1_109' title='bbox 1067 3075 1098 3126; x_wconf 91' lang='lat' dir='ltr'>et</span> <span class='ocrx_word' id='word_1_110' title='bbox 1111 3065 1252 3156; x_wconf 78' lang='lat' dir='ltr'>eleganti,</span> <span class='ocrx_word' id='word_1_111' title='bbox 1266 3085 1323 3128; x_wconf 86' lang='lat' dir='ltr'>nee</span> <span class='ocrx_word' id='word_1_112' title='bbox 1337 3079 1442 3126; x_wconf 89' lang='lat' dir='ltr'>tamen</span> <span class='ocrx_word' id='word_1_113' title='bbox 1456 3063 1523 3127; x_wconf 88' lang='lat' dir='ltr'>line</span> 
     </span>
     <span class='ocr_line' id='line_1_15' title="bbox 263 3162 1521 3252; baseline 0.002 -24"><span class='ocrx_word' id='word_1_114' title='bbox 263 3187 374 3230; x_wconf 89' lang='lat' dir='ltr'>vocum</span> <span class='ocrx_word' id='word_1_115' title='bbox 389 3169 576 3252; x_wconf 80' lang='lat' dir='ltr'>compendiis</span> <span class='ocrx_word' id='word_1_116' title='bbox 591 3168 725 3235; x_wconf 86' lang='lat' dir='ltr'>continet</span> <span class='ocrx_word' id='word_1_117' title='bbox 747 3167 845 3231; x_wconf 90' lang='lat' dir='ltr'>Serm.</span> <span class='ocrx_word' id='word_1_118' title='bbox 865 3162 890 3230; x_wconf 86' lang='lat' dir='ltr'>I.</span> <span class='ocrx_word' id='word_1_119' title='bbox 916 3187 942 3230; x_wconf 81' lang='grc' dir='ltr'>ι.</span> <span class='ocrx_word' id='word_1_120' title='bbox 966 3167 1117 3252; x_wconf 82' lang='lat' dir='ltr'>usquead</span> <span class='ocrx_word' id='word_1_121' title='bbox 1138 3187 1167 3234; x_wconf 82' lang='lat' dir='ltr'>a.</span> <span class='ocrx_word' id='word_1_122' title='bbox 1193 3187 1262 3232; x_wconf 85' lang='lat' dir='ltr'>rar.</span> <span class='ocrx_word' id='word_1_123' title='bbox 1280 3181 1348 3231; x_wconf 80' lang='lat' dir='ltr'>tum</span> <span class='ocrx_word' id='word_1_124' title='bbox 1373 3173 1521 3247; x_wconf 85' lang='lat'>1&#39;.4-4.</span> 
     </span>
     <span class='ocr_line' id='line_1_16' title="bbox 263 3268 1526 3356; baseline -0.002 -20"><span class='ocrx_word' id='word_1_125' title='bbox 263 3291 337 3336; x_wconf 88' lang='lat'>-2.</span> <span class='ocrx_word' id='word_1_126' title='bbox 357 3294 388 3352; x_wconf 94' lang='grc'>4.</span> <span class='ocrx_word' id='word_1_127' title='bbox 406 3293 458 3356; x_wconf 83' lang='lat'>50.</span> <span class='ocrx_word' id='word_1_128' title='bbox 494 3273 590 3336; x_wconf 90' lang='lat' dir='ltr'>Porro</span> <span class='ocrx_word' id='word_1_129' title='bbox 606 3279 635 3338; x_wconf 77' lang='lat'>2&#39;.</span> <span class='ocrx_word' id='word_1_130' title='bbox 650 3275 682 3336; x_wconf 84' lang='lat'>6.</span> <span class='ocrx_word' id='word_1_131' title='bbox 703 3293 751 3351; x_wconf 84' lang='lat'><strong>14.-</strong></span> <span class='ocrx_word' id='word_1_132' title='bbox 766 3273 806 3336; x_wconf 86' lang='lat' dir='ltr'>ad</span> <span class='ocrx_word' id='word_1_133' title='bbox 820 3271 914 3341; x_wconf 79' lang='lat' dir='ltr'>finem</span> <span class='ocrx_word' id='word_1_134' title='bbox 924 3271 1005 3335; x_wconf 88' lang='lat' dir='ltr'>libri.</span> <span class='ocrx_word' id='word_1_135' title='bbox 1043 3273 1184 3336; x_wconf 81' lang='lat' dir='ltr'>Alterum</span> <span class='ocrx_word' id='word_1_136' title='bbox 1198 3272 1291 3335; x_wconf 86' lang='lat' dir='ltr'>literis</span> <span class='ocrx_word' id='word_1_137' title='bbox 1304 3268 1526 3348; x_wconf 83' lang='lat' dir='ltr'>minotiffimis,</span> 
     </span>
     <span class='ocr_line' id='line_1_17' title="bbox 261 3373 1525 3463; baseline -0.001 -23"><span class='ocrx_word' id='word_1_138' title='bbox 261 3373 498 3462; x_wconf 86' lang='lat' dir='ltr'>Longobardicis</span> <span class='ocrx_word' id='word_1_139' title='bbox 521 3377 612 3442; x_wconf 86' lang='lat' dir='ltr'>babet</span> <span class='ocrx_word' id='word_1_140' title='bbox 633 3375 728 3462; x_wconf 89' lang='lat' dir='ltr'>Epist.</span> <span class='ocrx_word' id='word_1_141' title='bbox 757 3397 783 3440; x_wconf 83' lang='grc' dir='ltr'>ι.</span> <span class='ocrx_word' id='word_1_142' title='bbox 809 3398 839 3461; x_wconf 81' lang='lat'>3.</span> <span class='ocrx_word' id='word_1_143' title='bbox 861 3395 988 3460; x_wconf 44' lang='lat' dir='ltr'>aphr-</span> <span class='ocrx_word' id='word_1_144' title='bbox 1013 3380 1061 3441; x_wconf 79' lang='lat'>18.</span> <span class='ocrx_word' id='word_1_145' title='bbox 1089 3396 1137 3460; x_wconf 82' lang='lat'>¹3·</span> <span class='ocrx_word' id='word_1_146' title='bbox 1181 3376 1217 3438; x_wconf 85' lang='lat' dir='ltr'>Io</span> <span class='ocrx_word' id='word_1_147' title='bbox 1236 3375 1328 3461; x_wconf 82' lang='lat' dir='ltr'>priori</span> <span class='ocrx_word' id='word_1_148' title='bbox 1346 3374 1525 3463; x_wconf 76' lang='lat' dir='ltr'>fragmento</span> 
     </span>
     <span class='ocr_line' id='line_1_18' title="bbox 259 3467 1525 3565; baseline 0 -21"><span class='ocrx_word' id='word_1_149' title='bbox 259 3481 406 3565; x_wconf 83' lang='lat' dir='ltr'>postSat.</span> <span class='ocrx_word' id='word_1_150' title='bbox 427 3502 453 3546; x_wconf 85' lang='lat' dir='ltr'>r.</span> <span class='ocrx_word' id='word_1_151' title='bbox 475 3502 523 3545; x_wconf 88' lang='lat' dir='ltr'>ro.</span> <span class='ocrx_word' id='word_1_152' title='bbox 541 3499 591 3546; x_wconf 86' lang='lat'>21.</span> <span class='ocrx_word' id='word_1_153' title='bbox 607 3481 734 3544; x_wconf 79' lang='lat' dir='ltr'>insertus</span> <span class='ocrx_word' id='word_1_154' title='bbox 748 3467 791 3544; x_wconf 82' lang='lat' dir='ltr'>est</span> <span class='ocrx_word' id='word_1_155' title='bbox 805 3479 906 3543; x_wconf 83' lang='lat' dir='ltr'>verius</span> <span class='ocrx_word' id='word_1_156' title='bbox 922 3499 974 3562; x_wconf 85' lang='lat'>7¹·</span> <span class='ocrx_word' id='word_1_157' title='bbox 990 3479 1062 3562; x_wconf 73' lang='lat' dir='ltr'>Saepe</span> <span class='ocrx_word' id='word_1_158' title='bbox 1075 3493 1158 3563; x_wconf 75' lang='lat' dir='ltr'>caput</span> <span class='ocrx_word' id='word_1_159' title='bbox 1160 3481 1287 3565; x_wconf 75' lang='lat' dir='ltr'>scaberet</span> <span class='ocrx_word' id='word_1_160' title='bbox 1299 3481 1381 3544; x_wconf 71' lang='lat' dir='ltr'>viras</span> <span class='ocrx_word' id='word_1_161' title='bbox 1394 3491 1421 3542; x_wconf 81' lang='lat' dir='ltr'>et</span> <span class='ocrx_word' id='word_1_162' title='bbox 1435 3480 1525 3544; x_wconf 58' lang='lat' dir='ltr'>rodez</span> 
     </span>
     <span class='ocr_line' id='line_1_19' title="bbox 259 3583 1303 3670; baseline -0.006 -20"><span class='ocrx_word' id='word_1_163' title='bbox 259 3599 304 3650; x_wconf 78' lang='lat' dir='ltr'>ret</span> <span class='ocrx_word' id='word_1_164' title='bbox 318 3607 423 3670; x_wconf 78' lang='lat' dir='ltr'>ungues</span> <span class='ocrx_word' id='word_1_165' title='bbox 437 3585 490 3668; x_wconf 88' lang='lat' dir='ltr'>qui</span> <span class='ocrx_word' id='word_1_166' title='bbox 504 3585 583 3649; x_wconf 81' lang='lat' dir='ltr'>infra</span> <span class='ocrx_word' id='word_1_167' title='bbox 597 3583 620 3648; x_wconf 88' lang='lat' dir='ltr'>s.</span> <span class='ocrx_word' id='word_1_168' title='bbox 634 3587 655 3648; x_wconf 91' lang='lat' dir='ltr'>l.</span> <span class='ocrx_word' id='word_1_169' title='bbox 670 3585 816 3670; x_wconf 85' lang='lat' dir='ltr'>repetitur</span> <span class='ocrx_word' id='word_1_170' title='bbox 830 3583 892 3648; x_wconf 85' lang='lat' dir='ltr'>fine</span> <span class='ocrx_word' id='word_1_171' title='bbox 904 3583 1156 3648; x_wconf 85' lang='lat' dir='ltr'>animadverfione</span> <span class='ocrx_word' id='word_1_172' title='bbox 1170 3583 1303 3666; x_wconf 87' lang='lat' dir='ltr'>antiqua.</span> 
     </span>
    </p>

    <p class='ocr_par' dir='ltr' id='par_1_7' title="bbox 183 3684 1527 4609">
     <span class='ocr_line' id='line_1_20' title="bbox 303 3684 1522 3773; baseline -0.001 -21"><span class='ocrx_word' id='word_1_173' title='bbox 303 3689 359 3751; x_wconf 87' lang='lat'><em>111.</em></span> <span class='ocrx_word' id='word_1_174' title='bbox 385 3687 520 3752; x_wconf 82' lang='lat' dir='ltr'>Donavit</span> <span class='ocrx_word' id='word_1_175' title='bbox 542 3684 629 3767; x_wconf 88' lang='lat' dir='ltr'>m&#39;ihi,</span> <span class='ocrx_word' id='word_1_176' title='bbox 652 3690 702 3752; x_wconf 90' lang='lat' dir='ltr'>cui</span> <span class='ocrx_word' id='word_1_177' title='bbox 719 3688 777 3751; x_wconf 85' lang='lat' dir='ltr'>alia</span> <span class='ocrx_word' id='word_1_178' title='bbox 795 3701 827 3750; x_wconf 87' lang='lat' dir='ltr'>et</span> <span class='ocrx_word' id='word_1_179' title='bbox 845 3689 959 3773; x_wconf 85' lang='lat' dir='ltr'>majora</span> <span class='ocrx_word' id='word_1_180' title='bbox 977 3686 1083 3763; x_wconf 85' lang='lat' dir='ltr'>debeo,</span> <span class='ocrx_word' id='word_1_181' title='bbox 1102 3686 1232 3770; x_wconf 84' lang='lat' dir='ltr'>plurima</span> <span class='ocrx_word' id='word_1_182' title='bbox 1251 3685 1370 3750; x_wconf 87' lang='lat' dir='ltr'>debebit</span> <span class='ocrx_word' id='word_1_183' title='bbox 1387 3685 1475 3763; x_wconf 90' lang='lat' dir='ltr'>olim,</span> <span class='ocrx_word' id='word_1_184' title='bbox 1497 3687 1522 3751; x_wconf 81' lang='lat' dir='ltr'>sa</span> 
     </span>
     <span class='ocr_line' id='line_1_21' title="bbox 183 3782 1522 3880; baseline -0.001 -24"><span class='ocrx_word' id='word_1_185' title='bbox 183 3823 187 3832; x_wconf 58' lang='lat'>¹</span> <span class='ocrx_word' id='word_1_186' title='bbox 258 3795 334 3858; x_wconf 87' lang='lat' dir='ltr'>deus</span> <span class='ocrx_word' id='word_1_187' title='bbox 345 3791 454 3870; x_wconf 82' lang='lat' dir='ltr'>faveat,</span> <span class='ocrx_word' id='word_1_188' title='bbox 466 3794 619 3857; x_wconf 82' lang='lat' dir='ltr'>literarum</span> <span class='ocrx_word' id='word_1_189' title='bbox 630 3815 677 3858; x_wconf 91' lang='lat' dir='ltr'>res</span> <span class='ocrx_word' id='word_1_190' title='bbox 687 3792 819 3880; x_wconf 85' lang='lat' dir='ltr'>publica,</span> <span class='ocrx_word' id='word_1_191' title='bbox 831 3785 1042 3855; x_wconf 76' lang='lat' dir='ltr'>Cnsss&#39;rovrr.</span> <span class='ocrx_word' id='word_1_192' title='bbox 1053 3782 1176 3854; x_wconf 73' lang='lat' dir='ltr'>Suros</span> <span class='ocrx_word' id='word_1_193' title='bbox 1189 3789 1232 3852; x_wconf 83' lang='lat' dir='ltr'>V.</span> <span class='ocrx_word' id='word_1_194' title='bbox 1248 3790 1285 3853; x_wconf 88' lang='lat' dir='ltr'>C.</span> <span class='ocrx_word' id='word_1_195' title='bbox 1307 3789 1452 3876; x_wconf 77' lang='lat' dir='ltr'>Syllogen</span> <span class='ocrx_word' id='word_1_196' title='bbox 1463 3813 1522 3854; x_wconf 85' lang='lat' dir='ltr'>ra-</span> 
     </span>
     <span class='ocr_line' id='line_1_22' title="bbox 257 3877 1522 3980; baseline 0.001 -21"><span class='ocrx_word' id='word_1_197' title='bbox 257 3897 402 3961; x_wconf 78' lang='lat' dir='ltr'>stantium</span> <span class='ocrx_word' id='word_1_198' title='bbox 421 3898 588 3962; x_wconf 68' lang='lat' dir='ltr'>lediionurn</span> <span class='ocrx_word' id='word_1_199' title='bbox 607 3919 623 3960; x_wconf 85' lang='lat' dir='ltr'>a</span> <span class='ocrx_word' id='word_1_200' title='bbox 643 3877 906 3980; x_wconf 44' lang='lat' dir='ltr'>se&#39;descriptarum</span> <span class='ocrx_word' id='word_1_201' title='bbox 924 3894 1034 3979; x_wconf 85' lang='lat' dir='ltr'>partim</span> <span class='ocrx_word' id='word_1_202' title='bbox 1053 3896 1092 3957; x_wconf 91' lang='lat' dir='ltr'>de</span> <span class='ocrx_word' id='word_1_203' title='bbox 1109 3895 1247 3978; x_wconf 83' lang='lat' dir='ltr'>exemplo</span> <span class='ocrx_word' id='word_1_204' title='bbox 1261 3895 1522 3980; x_wconf 79' lang='lat' dir='ltr'>Coningamianae</span> 
     </span>
     <span class='ocr_line' id='line_1_23' title="bbox 257 3996 1523 4082; baseline -0.001 -19"><span class='ocrx_word' id='word_1_205' title='bbox 257 4001 397 4066; x_wconf 80' lang='lat' dir='ltr'>editionis</span> <span class='ocrx_word' id='word_1_206' title='bbox 419 4003 470 4065; x_wconf 88' lang='lat' dir='ltr'>cui</span> <span class='ocrx_word' id='word_1_207' title='bbox 489 4003 628 4065; x_wconf 74' lang='lat' dir='ltr'>allevent</span> <span class='ocrx_word' id='word_1_208' title='bbox 645 4000 711 4064; x_wconf 89' lang='lat' dir='ltr'>illas</span> <span class='ocrx_word' id='word_1_209' title='bbox 728 4000 764 4063; x_wconf 84' lang='lat' dir='ltr'>B.</span> <span class='ocrx_word' id='word_1_210' title='bbox 780 3999 903 4062; x_wconf 78' lang='lat' dir='ltr'>Cottius</span> <span class='ocrx_word' id='word_1_211' title='bbox 920 3997 1093 4082; x_wconf 82' lang='lat' dir='ltr'>eLipfienfi</span> <span class='ocrx_word' id='word_1_212' title='bbox 1108 4011 1139 4062; x_wconf 90' lang='lat' dir='ltr'>et</span> <span class='ocrx_word' id='word_1_213' title='bbox 1153 3999 1321 4060; x_wconf 81' lang='lat' dir='ltr'>Vinarienfi</span> <span class='ocrx_word' id='word_1_214' title='bbox 1336 3996 1523 4076; x_wconf 86' lang='lat' dir='ltr'>Codicibus,</span> 
     </span>
     <span class='ocr_line' id='line_1_24' title="bbox 256 4100 1527 4190; baseline -0.005 -24"><span class='ocrx_word' id='word_1_215' title='bbox 256 4106 340 4189; x_wconf 89' lang='lat' dir='ltr'>quod</span> <span class='ocrx_word' id='word_1_216' title='bbox 354 4108 527 4190; x_wconf 81' lang='lat' dir='ltr'>exemplum</span> <span class='ocrx_word' id='word_1_217' title='bbox 541 4105 584 4168; x_wconf 89' lang='lat' dir='ltr'>est</span> <span class='ocrx_word' id='word_1_218' title='bbox 599 4127 691 4189; x_wconf 87' lang='lat' dir='ltr'>penes</span> <span class='ocrx_word' id='word_1_219' title='bbox 706 4103 850 4188; x_wconf 80' lang='lat' dir='ltr'>Kappium</span> <span class='ocrx_word' id='word_1_220' title='bbox 864 4104 906 4182; x_wconf 82' lang='lat' dir='ltr'>V.</span> <span class='ocrx_word' id='word_1_221' title='bbox 922 4101 960 4165; x_wconf 86' lang='lat' dir='ltr'>C.</span> <span class='ocrx_word' id='word_1_222' title='bbox 974 4101 1085 4185; x_wconf 84' lang='lat' dir='ltr'>p&#39;artim</span> <span class='ocrx_word' id='word_1_223' title='bbox 1098 4101 1210 4164; x_wconf 79' lang='lat' dir='ltr'>ex&#39;alio</span> <span class='ocrx_word' id='word_1_224' title='bbox 1223 4100 1437 4165; x_wconf 82' lang='lat' dir='ltr'>Maittairianae</span> <span class='ocrx_word' id='word_1_225' title='bbox 1449 4103 1527 4166; x_wconf 72' lang='lat' dir='ltr'>edi.</span> 
     </span>
     <span class='ocr_line' id='line_1_25' title="bbox 253 4205 1523 4296; baseline -0.003 -23"><span class='ocrx_word' id='word_1_226' title='bbox 253 4208 358 4287; x_wconf 84' lang='lat' dir='ltr'>tionis,</span> <span class='ocrx_word' id='word_1_227' title='bbox 372 4212 455 4296; x_wconf 88' lang='lat' dir='ltr'>quod</span> <span class='ocrx_word' id='word_1_228' title='bbox 469 4207 531 4294; x_wconf 88' lang='lat' dir='ltr'>ipse</span> <span class='ocrx_word' id='word_1_229' title='bbox 545 4209 680 4294; x_wconf 83' lang='lat' dir='ltr'>poffidet,</span> <span class='ocrx_word' id='word_1_230' title='bbox 694 4210 744 4274; x_wconf 88' lang='lat' dir='ltr'>cui</span> <span class='ocrx_word' id='word_1_231' title='bbox 759 4208 850 4272; x_wconf 66' lang='lat' dir='ltr'>dobba</span> <span class='ocrx_word' id='word_1_232' title='bbox 865 4229 972 4271; x_wconf 88' lang='lat' dir='ltr'>manus</span> <span class='ocrx_word' id='word_1_233' title='bbox 987 4205 1043 4270; x_wconf 80' lang='lat' dir='ltr'>IX.</span> <span class='ocrx_word' id='word_1_234' title='bbox 1059 4205 1208 4270; x_wconf 89' lang='lat' dir='ltr'>Codicum</span> <span class='ocrx_word' id='word_1_235' title='bbox 1223 4205 1368 4271; x_wconf 63' lang='lat' dir='ltr'>lectiones</span> <span class='ocrx_word' id='word_1_236' title='bbox 1383 4209 1523 4271; x_wconf 88' lang='lat' dir='ltr'>commi-</span> 
     </span>
     <span class='ocr_line' id='line_1_26' title="bbox 200 4307 1524 4404; baseline -0.002 -27"><span class='ocrx_word' id='word_1_237' title='bbox 200 4335 202 4341; x_wconf 92' lang='grc'><strong><em>·</em></strong></span> <span class='ocrx_word' id='word_1_238' title='bbox 253 4313 341 4378; x_wconf 78' lang='lat' dir='ltr'>serat.</span> <span class='ocrx_word' id='word_1_239' title='bbox 384 4315 453 4379; x_wconf 81' lang='lat' dir='ltr'>Hac</span> <span class='ocrx_word' id='word_1_240' title='bbox 468 4316 580 4404; x_wconf 74' lang='lat' dir='ltr'>sylloge</span> <span class='ocrx_word' id='word_1_241' title='bbox 595 4315 636 4378; x_wconf 86' lang='lat' dir='ltr'>ita</span> <span class='ocrx_word' id='word_1_242' title='bbox 650 4307 721 4378; x_wconf 73' lang='lat' dir='ltr'>osus</span> <span class='ocrx_word' id='word_1_243' title='bbox 736 4313 813 4392; x_wconf 81' lang='lat' dir='ltr'>sum,</span> <span class='ocrx_word' id='word_1_244' title='bbox 828 4327 863 4375; x_wconf 89' lang='lat' dir='ltr'>ut</span> <span class='ocrx_word' id='word_1_245' title='bbox 878 4312 1059 4396; x_wconf 71' lang='lat' dir='ltr'>impliciter,</span> <span class='ocrx_word' id='word_1_246' title='bbox 1075 4333 1143 4394; x_wconf 85' lang='lat' dir='ltr'>quae</span> <span class='ocrx_word' id='word_1_247' title='bbox 1158 4311 1228 4374; x_wconf 90' lang='lat' dir='ltr'>inde</span> <span class='ocrx_word' id='word_1_248' title='bbox 1242 4313 1431 4396; x_wconf 81' lang='lat' dir='ltr'>proconfilio</span> <span class='ocrx_word' id='word_1_249' title='bbox 1442 4333 1524 4375; x_wconf 90' lang='lat' dir='ltr'>meo</span> 
     </span>
     <span class='ocr_line' id='line_1_27' title="bbox 251 4414 1524 4500; baseline -0.002 -18"><span class='ocrx_word' id='word_1_250' title='bbox 251 4433 419 4496; x_wconf 82' lang='lat' dir='ltr'>enotarem,</span> <span class='ocrx_word' id='word_1_251' title='bbox 432 4420 559 4483; x_wconf 69' lang='lat' dir='ltr'>Sosim</span> <span class='ocrx_word' id='word_1_252' title='bbox 572 4419 708 4482; x_wconf 81' lang='lat' dir='ltr'>collationi</span> <span class='ocrx_word' id='word_1_253' title='bbox 718 4418 901 4492; x_wconf 69' lang='lat' dir='ltr'>tribuerem,</span> <span class='ocrx_word' id='word_1_254' title='bbox 917 4418 1039 4500; x_wconf 88' lang='lat' dir='ltr'>quando</span> <span class='ocrx_word' id='word_1_255' title='bbox 1050 4415 1115 4499; x_wconf 81' lang='lat' dir='ltr'>spes</span> <span class='ocrx_word' id='word_1_256' title='bbox 1127 4415 1172 4479; x_wconf 84' lang='lat' dir='ltr'>est</span> <span class='ocrx_word' id='word_1_257' title='bbox 1183 4416 1332 4497; x_wconf 75' lang='lat' dir='ltr'>loturum,</span> <span class='ocrx_word' id='word_1_258' title='bbox 1343 4431 1378 4480; x_wconf 89' lang='lat' dir='ltr'>ot</span> <span class='ocrx_word' id='word_1_259' title='bbox 1392 4414 1457 4500; x_wconf 88' lang='lat' dir='ltr'>ipse</span> <span class='ocrx_word' id='word_1_260' title='bbox 1468 4418 1524 4480; x_wconf 85' lang='lat' dir='ltr'>vir</span> 
     </span>
     <span class='ocr_line' id='line_1_28' title="bbox 253 4519 1350 4609; baseline -0.005 -21"><span class='ocrx_word' id='word_1_261' title='bbox 253 4523 374 4602; x_wconf 68' lang='lat' dir='ltr'>dostus,</span> <span class='ocrx_word' id='word_1_262' title='bbox 390 4525 411 4586; x_wconf 87' lang='lat' dir='ltr'>fi</span> <span class='ocrx_word' id='word_1_263' title='bbox 425 4525 502 4588; x_wconf 86' lang='lat' dir='ltr'>tanti</span> <span class='ocrx_word' id='word_1_264' title='bbox 515 4537 612 4607; x_wconf 89' lang='lat' dir='ltr'>putet,</span> <span class='ocrx_word' id='word_1_265' title='bbox 627 4543 695 4586; x_wconf 86' lang='lat' dir='ltr'>eam</span> <span class='ocrx_word' id='word_1_266' title='bbox 710 4522 842 4609; x_wconf 81' lang='lat' dir='ltr'>syllogen</span> <span class='ocrx_word' id='word_1_267' title='bbox 857 4522 1004 4605; x_wconf 80' lang='lat' dir='ltr'>integram</span> <span class='ocrx_word' id='word_1_268' title='bbox 1018 4519 1148 4587; x_wconf 80' lang='lat' dir='ltr'>Horatio</span> <span class='ocrx_word' id='word_1_269' title='bbox 1162 4521 1323 4604; x_wconf 87' lang='lat' dir='ltr'>impertiat.</span> <span class='ocrx_word' id='word_1_270' title='bbox 1348 4558 1350 4565; x_wconf 93' lang='lat'>·</span> 
     </span>
    </p>
   </div>
   <div class='ocr_carea' id='block_1_7' title="bbox 112 4623 1522 4712">
    <p class='ocr_par' dir='ltr' id='par_1_8' title="bbox 112 4623 1522 4712">
     <span class='ocr_line' id='line_1_29' title="bbox 112 4623 1522 4712; baseline -0.003 -21"><span class='ocrx_word' id='word_1_271' title='bbox 112 4705 115 4712; x_wconf 24' lang='grc' dir='ltr'>Ι</span> <span class='ocrx_word' id='word_1_272' title='bbox 215 4639 218 4642; x_wconf 84' lang='grc'><em>“</em></span> <span class='ocrx_word' id='word_1_273' title='bbox 295 4629 353 4690; x_wconf 83' lang='grc' dir='ltr'>Ν.</span> <span class='ocrx_word' id='word_1_274' title='bbox 370 4629 441 4692; x_wconf 84' lang='lat' dir='ltr'>Fuit</span> <span class='ocrx_word' id='word_1_275' title='bbox 450 4648 542 4712; x_wconf 89' lang='lat' dir='ltr'>penes</span> <span class='ocrx_word' id='word_1_276' title='bbox 554 4647 603 4690; x_wconf 89' lang='lat' dir='ltr'>me</span> <span class='ocrx_word' id='word_1_277' title='bbox 613 4626 761 4690; x_wconf 82' lang='lat' dir='ltr'>beneficio</span> <span class='ocrx_word' id='word_1_278' title='bbox 771 4625 829 4688; x_wconf 86' lang='lat' dir='ltr'>viri</span> <span class='ocrx_word' id='word_1_279' title='bbox 841 4625 975 4709; x_wconf 82' lang='lat' dir='ltr'>praeclari</span> <span class='ocrx_word' id='word_1_280' title='bbox 987 4624 1170 4688; x_wconf 75' lang='lat' dir='ltr'>Fssoovrcr</span> <span class='ocrx_word' id='word_1_281' title='bbox 1181 4625 1345 4688; x_wconf 73' lang='lat' dir='ltr'>Cnsrsro.</span> <span class='ocrx_word' id='word_1_282' title='bbox 1356 4623 1522 4688; x_wconf 66' lang='lat' dir='ltr'>Scirum-</span> 
     </span>
    </p>
   </div>
   <div class='ocr_carea' id='block_1_8' title="bbox 250 4727 1529 4924">
    <p class='ocr_par' dir='ltr' id='par_1_9' title="bbox 250 4727 1529 4924">
     <span class='ocr_line' id='line_1_30' title="bbox 252 4727 1522 4816; baseline -0.006 -20"><span class='ocrx_word' id='word_1_283' title='bbox 252 4749 315 4807; x_wconf 72' lang='lat'>111,</span> <span class='ocrx_word' id='word_1_284' title='bbox 338 4733 392 4816; x_wconf 88' lang='lat' dir='ltr'>qui</span> <span class='ocrx_word' id='word_1_285' title='bbox 412 4747 446 4796; x_wconf 85' lang='lat' dir='ltr'>ut</span> <span class='ocrx_word' id='word_1_286' title='bbox 464 4732 496 4794; x_wconf 88' lang='lat' dir='ltr'>in</span> <span class='ocrx_word' id='word_1_287' title='bbox 515 4731 581 4796; x_wconf 87' lang='lat' dir='ltr'>aliis</span> <span class='ocrx_word' id='word_1_288' title='bbox 597 4730 687 4794; x_wconf 89' lang='lat' dir='ltr'>rebus</span> <span class='ocrx_word' id='word_1_289' title='bbox 706 4727 805 4805; x_wconf 86' lang='lat' dir='ltr'>bonis,</span> <span class='ocrx_word' id='word_1_290' title='bbox 823 4731 866 4792; x_wconf 83' lang='lat' dir='ltr'>ita</span> <span class='ocrx_word' id='word_1_291' title='bbox 884 4729 916 4792; x_wconf 88' lang='lat' dir='ltr'>in</span> <span class='ocrx_word' id='word_1_292' title='bbox 934 4727 1074 4792; x_wconf 86' lang='lat' dir='ltr'>amicitiis</span> <span class='ocrx_word' id='word_1_293' title='bbox 1092 4749 1213 4812; x_wconf 87' lang='lat' dir='ltr'>quoque</span> <span class='ocrx_word' id='word_1_294' title='bbox 1232 4729 1365 4793; x_wconf 88' lang='lat' dir='ltr'>colendis</span> <span class='ocrx_word' id='word_1_295' title='bbox 1383 4743 1522 4812; x_wconf 86' lang='lat' dir='ltr'>paterna</span> 
     </span>
     <span class='ocr_line' id='line_1_31' title="bbox 250 4830 1529 4924; baseline -0.009 -24"><span class='ocrx_word' id='word_1_296' title='bbox 250 4836 361 4924; x_wconf 82' lang='lat' dir='ltr'>premit</span> <span class='ocrx_word' id='word_1_297' title='bbox 374 4835 509 4923; x_wconf 78' lang='lat' dir='ltr'>vestigia,</span> <span class='ocrx_word' id='word_1_298' title='bbox 523 4835 699 4921; x_wconf 84' lang='lat' dir='ltr'>exemplum</span> <span class='ocrx_word' id='word_1_299' title='bbox 711 4831 923 4909; x_wconf 83' lang='lat' dir='ltr'>Torrentianae</span> <span class='ocrx_word' id='word_1_300' title='bbox 936 4832 1088 4911; x_wconf 83' lang='lat' dir='ltr'>editionis,</span> <span class='ocrx_word' id='word_1_301' title='bbox 1103 4830 1154 4897; x_wconf 86' lang='lat' dir='ltr'>eoi</span> <span class='ocrx_word' id='word_1_302' title='bbox 1169 4833 1322 4902; x_wconf 79' lang='lat' dir='ltr'>commiffa</span> <span class='ocrx_word' id='word_1_303' title='bbox 1335 4845 1399 4896; x_wconf 87' lang='lat' dir='ltr'>erat</span> <span class='ocrx_word' id='word_1_304' title='bbox 1413 4831 1529 4896; x_wconf 66' lang='lat' dir='ltr'>colla..</span> 
     </span>
    </p>
   </div>
   <div class='ocr_carea' id='block_1_9' title="bbox 0 0 1588 5542">
    <p class='ocr_par' dir='ltr' id='par_1_10' title="bbox 0 0 1588 5542">
     <span class='ocr_line' id='line_1_32' title="bbox 0 0 1588 5542; baseline 0 9"><span class='ocrx_word' id='word_1_305' title='bbox 0 0 1588 5542; x_wconf 95' lang='lat' dir='ltr'> </span> 
     </span>
    </p>
   </div>
  </div>
 </body>
</html>
