3167 5542
332 461 336 466 ’
407 434 413 445 ’
441 465 474 535 J.
494 465 535 520 ιι.
555 460 721 518 desuem
739 453 955 520 ranssrro.
1281 435 1327 512 ,fi
1429 466 1441 480 .

80 603 264 680 sandius
274 613 388 700 aliquid
398 613 485 681 nobis
496 615 641 702 impertit,
655 615 747 680 etiam
763 637 834 681 cum
848 629 939 692 errat,
953 624 1007 678 aut
1013 609 1112 696 ,nimis
1127 609 1265 698 indulget
1279 605 1328 672 in·
1340 599 1347 616 ⁹

82 719 185 804 genio:
205 719 238 784 id
253 721 337 804 quod
348 721 499 806 praecipue
515 722 594 786 circs
609 721 673 786 illas
689 721 827 812 Dilogias
842 720 862 782 i.
879 717 1058 811 Allegorias,
1071 732 1230 802 tantopere
1245 735 1329 780 atna-
1381 719 1384 730 '

83 823 209 901 uerbo,
220 823 394 912 contingere
404 823 531 890 observo
543 825 588 889 V.
605 825 647 889 G.
663 825 765 890 Carm-
787 845 814 890 1.
835 845 883 908 ις.
898 838 930 888 et
946 829 997 888 28.
1013 838 1044 886 et
1061 844 1112 908 34.
1129 823 1163 886 it.
1180 841 1211 887 a.
1232 842 1259 884 ι.
1281 839 1329 884 ιι.

82 937 110 990 et
121 947 149 1012 3.
165 946 197 1014 3.
213 943 245 992 et
263 949 295 1010 4.
314 947 342 992 ι.
357 942 446 1020 atqpe
461 933 492 993 6.
508 931 640 1013 denique
653 927 782 1014 Epodon
803 949 850 1014 13.
868 947 936 993 ra:
957 927 1115 1012 inquibus
1130 925 1204 990 locis
1220 938 1344 1009 parum·

82 1031 195 1096 ridetur
219 1050 337 1097 memor
360 1029 446 1098 trude
471 1053 588 1122 eorum,
609 1055 678 1118 quae
700 1031 810 1096 salubri
831 1032 953 1098 consilio
974 1031 1036 1116 ipse
1057 1031 1177 1094 monuit
1198 1029 1237 1092 ad
1258 1027 1332 1092 Car.

86 1156 112 1202 ι.
130 1155 177 1204 ra·
195 1155 225 1221 ς.
270 1131 316 1200 lta
329 1137 433 1202 erraffe
449 1135 535 1202 illum
552 1151 628 1223 puto
644 1139 683 1202 ad
699 1135 769 1200 Car.
786 1158 818 1215 4.
838 1154 867 1219 7.
891 1156 939 1199 ιο.
959 1135 1032 1220 (rid
1051 1133 1209 1216 Addend.)
1227 1132 1279 1196 sed
1296 1145 1333 1196 ut
1369 1151 1374 1158 ·
1439 1134 1444 1142 '
1477 1128 1481 1137 '

84 1243 163 1306 unul
177 1254 316 1306 monetet
329 1243 368 1306 de
380 1243 471 1306 tribur
484 1243 559 1306 horris
573 1242 595 1306 s.
612 1243 683 1306 anni
697 1240 934 1326 tempestatibus,
948 1239 1031 1324 quod
1045 1239 1145 1304 nescio
1160 1260 1199 1301 au
1214 1237 1334 1304 Latinis
1368 1272 1370 1275 ·

83 1343 181 1422 literis,
196 1345 351 1428 proditum
366 1345 410 1408 fit.
454 1345 548 1438 Qod
563 1345 719 1430 posteriori
732 1345 857 1408 editioni
872 1365 991 1407 amarus
1005 1340 1159 1406 interdum
1168 1343 1289 1405 videtur
1299 1341 1336 1404 in

84 1446 263 1526 Bentleium,
285 1447 363 1514 sorte
379 1449 416 1514 ab
432 1449 485 1513 illo
502 1461 689 1514 contemtum
707 1449 737 1514 se
755 1449 889 1534 putabat,
907 1447 981 1532 (rid.
999 1450 1037 1511 ad
1052 1446 1123 1511 Car.
1141 1469 1173 1527 4.
1197 1468 1246 1526 14.
1268 1450 1334 1530 ιο.)

83 1552 156 1616 sorte
174 1551 361 1617 morosulum
377 1551 515 1620 senectus
530 1553 652 1631 fecerat,
667 1553 745 1617 sorte
761 1575 800 1616 ne
814 1549 973 1616 destinarat
987 1551 1111 1636 quidem
1126 1553 1205 1638 typis
1218 1550 1337 1625 omnia,

83 1681 146 1742 que
161 1659 294 1722 illuserat
308 1657 493 1745 marginibus
507 1659 575 1723 libri
590 1659 645 1724 sui.
781 1737 783 1744 Α

123 1763 205 1852 Qae
221 1783 293 1825 cum
311 1761 353 1826 ita
370 1753 436 1840 sint,
454 1761 631 1826 Baxteriana
648 1762 829 1847 exemplaria
842 1758 963 1824 Horatii
977 1761 1188 1827 commendare
1203 1759 1338 1824 solebam

81 1866 252 1953 junioribus
273 1867 388 1944 amicis,
411 1880 442 1930 et
465 1881 622 1950 nunquam
639 1865 717 1929 sorte
734 1869 772 1930 de
789 1867 907 1929 edendo
924 1863 1053 1930 Horatio
1070 1866 1255 1951 cogitaturus
1273 1865 1337 1948 ipse

82 1970 209 2046 sueram,
232 1971 354 2052 illorum
373 1971 394 2032 sr
414 1971 500 2054 copia
521 1967 586 2033 fieri
603 1967 737 2034 studiosus
756 1970 789 2031 in
810 1970 976 2034 Germania
994 1970 1143 2054 potuisset.
1185 1968 1248 2032 Sed
1263 1990 1337 2034 curn

82 2073 175 2137 nsum
192 2073 264 2136 esset
282 2073 393 2138 librum
409 2075 449 2138 ita
465 2076 582 2151 utilem,
595 2073 637 2136 ita
650 2075 858 2150 commodum,
872 2073 1035 2158 parabilem
1049 2075 1141 2136 etiam
1155 2073 1253 2148 faeere
1267 2073 1338 2137 nos·

82 2181 153 2242 tris:
175 2175 316 2241 uolebam
335 2179 422 2241 illum
442 2179 502 2242 sine
517 2180 587 2242 dote
602 2178 702 2262 aliqua
717 2201 734 2242 a
749 2199 798 2242 me
813 2179 975 2255 dimittere,
989 2179 1081 2262 idque
1094 2200 1132 2242 eo
1147 2179 1249 2242 minus
1263 2200 1340 2242 cum

84 2297 191 2367 praeter
213 2303 259 2358 ea,
278 2300 346 2364 quae
363 2283 561 2369 quadraginta
576 2261 705 2366 implius
721 2303 870 2344 annorum
884 2303 956 2344 cum
970 2281 1079 2345 Flacco
1094 2280 1291 2356 familiaritas,
1305 2297 1339 2345 et

85 2385 155 2450 usus
169 2386 279 2470 aliquis
293 2407 398 2450 earum
412 2403 524 2463 rerum,
541 2385 650 2470 quibus
665 2386 714 2449 hic
729 2409 807 2472 opus
821 2385 875 2462 est,
889 2385 1034 2472 subjicere
1048 2396 1198 2470 poterant,
1212 2387 1304 2451 edam
1318 2409 1341 2449 a

78 2489 206 2557 'somma
221 2491 401 2554 offerrentur
415 2493 554 2576 quaeddm
569 2492 710 2554 omandae
725 2491 865 2554 editionis
879 2489 1023 2574 praesdia,
1067 2490 1171 2581 Qare
1185 2490 1275 2554 statui
1284 2492 1341 2552 tri·

84 2599 139 2662 bus
154 2597 214 2661 illis
229 2595 400 2682 generibus,
415 2619 483 2682 quae
498 2597 529 2660 in
545 2597 608 2680 ipso
624 2595 750 2682 ingressu
766 2595 1010 2671 commemorari,
1025 2616 1134 2681 augere
1144 2617 1200 2679 pro
1210 2596 1340 2679 praesen-

83 2703 107 2766 ti
122 2703 210 2786 copia
224 2717 256 2764 et
270 2703 434 2778 voluntate,
450 2701 570 2764 Raxteri
584 2699 758 2764 editionem.

125 2809 177 2872 Ae
200 2805 301 2891 primo
324 2807 448 2890 quidem
471 2827 533 2870 non
557 2821 619 2868 tam
642 2803 700 2870 hoc
721 2806 780 2892 egi,
801 2819 836 2868 ut
853 2807 1044 2869 emendarem
1058 2787 1239 2884 lloratium,
1257 2808 1341 2891 quod

84 2933 199 2976 munus
220 2911 383 2988 cumulate,
403 2923 433 2974 et
453 2909 530 3000 sorte
548 2913 627 2996 plus,
649 2931 740 2994 quam
761 2931 838 2994 opus
857 2925 931 2986 erat,
949 2910 993 2972 illi
1008 2911 1174 2994 praestitum
1193 2911 1341 2987 arbitrora

82 3037 177 3101 quam
193 3029 229 3078 ut
239 3015 278 3078 ab
285 3014 502 3100 intempestivis
516 3013 786 3100 emendationibus,
801 3011 833 3076 ln
848 3034 875 3076 e.
891 3013 1133 3099 corruptionibus
1144 3016 1231 3078 illum
1240 3030 1343 3078 tuerer

81 3137 111 3186 et
126 3123 161 3184 in
176 3119 288 3184 statum
301 3121 384 3182 velut
398 3119 485 3204 suum
500 3119 663 3181 assererem.
1080 3111 1088 3126 ’

126 3227 204 3318 Qo
222 3226 324 3309 plures
340 3219 468 3286 ledlores
489 3235 520 3285 et
541 3221 687 3286 studiosos
708 3221 813 3286 habuit
834 3220 993 3300 Horatius,
1011 3210 1169 3308 eo'plures
1187 3227 1230 3288 illi
1249 3226 1343 3288 etiam
1403 3261 1407 3270 ·

85 3351 196 3394 manus
217 3329 376 3392 admovere
396 3327 576 3390 emendandi
596 3328 692 3390 caussa
710 3327 812 3391 conati
832 3328 912 3404 sunt,
925 3349 989 3391 non
1003 3351 1092 3412 aequo
1106 3330 1249 3405 successu,
1263 3331 1344 3392 disli-

84 3435 154 3498 mili
173 3433 320 3516 nimirum
338 3432 390 3516 ipfi
407 3431 530 3516 ingenio
548 3417 755 3514 doctrinaque.
800 3427 947 3516 Ingeniofi
965 3447 996 3494 et
1014 3433 1124 3496 eruditi
1140 3434 1196 3496 viri
1211 3434 1263 3496 fibi
1278 3435 1344 3517 pla-

84 3551 231 3614 cuerunt,
252 3537 272 3599 li
286 3535 361 3620 quid
376 3531 546 3618 exsculpere
561 3535 674 3618 possent
688 3535 834 3620 elegantia
849 3533 981 3611 Horatii,
996 3550 1031 3600 ut
1045 3537 1097 3620 ipsi
1113 3535 1345 3613 arbitrabantur,

82 3643 231 3730 dignius:
252 3639 303 3702 sed
320 3637 453 3723 primum
472 3637 546 3700 illud
567 3637 662 3721 ipsum
675 3638 836 3724 judicium,
851 3638 937 3729 Qid
953 3638 987 3701 fit
1001 3631 1175 3724 inscriptore
1189 3660 1282 3726 prope
1297 3641 1347 3704 bis

83 3749 171 3811 mille
192 3759 343 3808 annorum
362 3737 550 3828 elegantius?
573 3739 693 3804 difficile
712 3741 754 3804 est
770 3757 800 3804 et
815 3742 856 3803 ita
871 3743 974 3804 multis
988 3741 1065 3827 saepe
1080 3744 1245 3822 rationibus
1259 3744 1345 3807 invo-
1423 3800 1426 3807 .

81 3855 200 3926 ratum,
221 3861 263 3910 ut.
275 3845 382 3910 merito
398 3845 458 3910 hoc
473 3843 604 3908 maxime
619 3846 650 3907 in
665 3865 773 3931 genere
788 3867 850 3928 quo
864 3847 933 3929 quis
947 3847 991 3910 est
1005 3835 1135 3926 doctior,
1150 3846 1235 3936 tahtq
1249 3848 1345 3934 majo-

78 3957 121 4021 ris
137 3951 297 4020 modestia
312 3950 413 4014 causas
428 3949 546 4012 habeat.
729 4032 731 4040 Ι

125 4059 169 4124 Et
186 4059 209 4122 li
228 4059 336 4120 demae
352 4055 424 4118 viris
441 4053 552 4129 dodlis,
570 4055 666 4136 (quod
683 4075 753 4117 cum
774 4053 934 4117 universnm
951 4056 1053 4140 negari
1066 4073 1189 4141 propter
1203 4035 1349 4122 humanas
1395 4108 1399 4114 ,

83 4179 206 4228 naturae
222 4175 253 4224 et
267 4161 312 4223 rei
326 4156 417 4242 ipsius
431 4157 636 4222 oonditionem
650 4177 712 4220 non
722 4157 820 4242 poffit,
832 4172 934 4220 tamen
944 4159 976 4219 in
987 4159 1103 4222 hocrel
1114 4161 1166 4223 illo
1177 4163 1244 4225 loco
1254 4183 1348 4246 prop·

81 4285 128 4330 ter
144 4265 270 4332 causam
286 4263 379 4324 modo
394 4261 553 4324 indicatam
570 4261 694 4324 concedi
709 4261 759 4324 vix
774 4283 808 4324 ac
824 4281 862 4322 ne
877 4263 926 4323 rix
942 4260 1065 4344 quidem
1079 4265 1189 4346 potest)
1205 4264 1282 4348 ipsos
1293 4267 1348 4327 ali«

79 4372 160 4454 quid
187 4367 331 4433 inr‘eniffe
352 4379 485 4448 -accepta
510 4364 640 4426 leslione
666 4364 784 4441 melius,
806 4346 979 4448 pulchrius-z
1001 4387 1039 4426 an
1062 4367 1130 4428 ideo
1151 4368 1226 4429 illud
1245 4364 1359 4452 potius

84 4475 228 4560 scripfiflls
249 4470 428 4545 Horatium,
450 4465 627 4531 confedlum
646 4466 711 4532 est?
734 4467 874 4532 Licuituc
889 4468 1060 4546 dormitare,
1075 4469 1241 4534 halucinari
1255 4471 1348 4534 αἱαιιι

85 4575 245 4642 Horatio?
1223 4591 1229 4600 ·

128 4683 220 4773 Qid
242 4676 392 4762 scripserit
404 4611 549 4752 illucens,
571 4697 606 4739 ea
625 4663 750 4760 quaeslio
771 4673 911 4739 historica
930 4675 992 4740 est:
1013 4678 1045 4739 in
1064 4699 1099 4740 ea
1115 4677 1251 4756 testibus,
1271 4680 1303 4742 h.
1318 4701 1346 4743 e.
1430 4717 1434 4725 ·

85 4787 171 4852 libris
186 4777 602 4871 antiquia'oonsentientibus
619 4779 782 4866 precipue,
797 4781 992 4858 credendum,
1013 4781 1157 4874 quamdiu
1173 4782 1225 4878 ipsi
1244 4783 1297 4846 fibi
1310 4783 1347 4850 fi.

974 4907 991 4953 a
1005 4908 1047 4974 ill]
